2394 3768
781 299 862 351 648
1150 289 1448 332 DIDACI
1514 288 1982 335 SAAVEDRAE

783 388 898 423 nem
915 402 930 424 ,
963 364 1073 437 quia
1088 380 1267 414 omnes
1281 362 1384 413 suas
1406 378 1521 432 opes
1543 362 1594 412 &
1624 360 1739 414 vires
1764 361 1887 414 intra
1903 363 2196 435 Reipublicae
2223 370 2316 424 suae

782 449 951 503 viscera
965 439 1265 494 continebat.
1901 460 1904 463 >

889 526 942 578 5.
964 521 1139 590 Neque
1156 534 1320 569 tamen
1338 519 1435 569 hoc
1452 515 1512 569 εὸ
1527 515 1640 570 dico
1657 561 1668 582 ‚
1697 516 1831 588 qubd
1845 518 2117 588 persuadere
2132 525 2309 579 Princi-

781 598 920 670 pibus
938 598 1130 668 cupiam
1147 621 1162 651 ·‚
1198 612 1329 647 utne
1354 596 1520 647 amicis
1538 594 1628 647 suis
1648 637 1659 657 ‚
1689 596 1734 646 ὅ(
1754 593 1969 648 finitimis
1987 597 2194 653 subsidio
2211 622 2309 655 un-

777 694 933 749 quam
954 675 1044 727 sint
1065 719 1077 738 ,
1105 675 1152 725 &
1171 689 1423 747 argentum
1442 673 1771 744 suppeditent3
1802 673 1886 726 sed
1918 691 1970 726 ut
1997 674 2310 733 videantdili-

776 770 946 830 genter
961 798 973 818 ‚
988 751 1249 826 quomodo
1262 749 1382 802 illud
1399 751 1700 822 impendant,
1713 749 2032 824 studeamque
2045 756 2185 807 armis
2203 758 2305 811 suc-

778 850 956 886 currere
973 831 1131 903 potius
1146 873 1156 892 ,
1171 828 1320 903 quam
1336 829 1510 898 opibus
1536 851 1546 879 :
1580 848 1696 880 nam
1714 829 1883 881 auxilia
1898 832 2163 900 pecuniaria
2178 835 2304 904 apud

774 929 888 964 eum
918 924 1200 972 remanent,
1220 907 1304 972 qui
1335 908 1546 978 acce‘pit3
1576 922 1821 960 armorum
1853 909 1963 962 verb
1979 908 2212 968 subsidia,
2241 912 2303 964 ad

774 1007 890 1042 eum
908 1034 920 1052 ‚
947 991 1030 1061 qui
1050 987 1261 1049 miserat,
1286 1002 1596 1039 revertuntur.
1629 990 1782 1057 Atque
1795 985 2106 1060 hocintelligi
2123 987 2300 1047 debet,

774 1065 976 1139 quando
994 1064 1191 1118 nullum
1210 1063 1273 1115 est
1293 1062 1558 1134 periculum
1574 1062 1751 1134 ,neipsi
1769 1062 1903 1115 bello
1917 1063 2010 1114 sese
2025 1065 2298 1136 implicent,

770 1142 1006 1197 trahendo
1023 1142 1143 1195 illud
1158 1144 1205 1195 in
1227 1141 1400 1193 statum
1419 1143 1558 1194 suum
1580 1143 1840 1212 proprium,
1858 1158 1938 1193 aut
1955 1160 2016 1192 ne
2033 1145 2192 1196 amico
2204 1143 2298 1198 ho·

770 1223 859 1274 stes
883 1223 1084 1292 majores
1111 1221 1402 1284 concilient3
1429 1223 1494 1271 uti
1512 1236 1615 1270 tum
1631 1220 1803 1282 etiam,
1836 1218 1950 1271 cum
1976 1222 2213 1289 majorum
2227 1224 2295 1274 est

768 1301 1054 1370 sumptuum
1070 1328 1085 1356 ³>
1101 1300 1151 1350 &
1169 1298 1380 1370 pluribus
1396 1298 1669 1351 obnoxium
1689 1297 2040 1354 incommodis,
2056 1298 2297 1352 succutre-

769 1397 817 1431 re
829 1377 1019 1448 opibus,
1036 1375 1186 1449 quarn
1203 1377 1369 1429 armis:
1389 1396 1506 1429 nam
1519 1378 1637 1427 tatio
1655 1373 1796 1426 statiis
1812 1378 2027 1429 omnino
2047 1377 2224 1440 suadet,
2243 1395 2296 1432 ut

769 1454 987 1510 alterutra
1001 1457 1069 1510 via
1087 1454 1354 1521 finitimum
1377 1456 1639 1524 Principem
1657 1470 1876 1522 tueamur
1890 1498 1902 1518 ‚
1931 1456 2120 1528 quoties
2137 1456 2297 1510 nostra

770 1553 885 1587 cum
905 1533 1028 1588 illius
1041 1535 1236 1587 fortuna
1251 1535 1514 1604 conjuncta
1528 1533 1615 1583 ess'e
1632 1533 1834 1584 cernitur
1849 1559 1861 1595 5
1888 1532 2122 1606 siquidem
2139 1536 2298 1605 majo-

770 1612 829 1665 xis
860 1611 924 1665 est
953 1611 1213 1684 prudentiae
1249 1613 1373 1663 intra
1401 1611 1588 1664 alterius
1616 1610 1790 1662 statum
1831 1610 2015 1664 bellum
2043 1610 2295 1677 sustinere,

522 1688 647 1775 fsteff
659 1700 721 1738 pro
770 1689 921 1763 quam
937 1692 1058 1743 intra
1076 1691 1261 1744 suamet
1275 1689 1575 1742 viscetaillud
1598 1688 1802 1759 experiri.
1836 1690 1909 1742 Sic
1934 1688 2057 1742 olim
2073 1688 2168 1759 fuit
2186 1699 2309 1765 pr0-‘

537 1752 586 1786 eg'
644 1751 698 1775 an.
761 1772 918 1844 prium
940 1766 1090 1843 populi
1113 1769 1314 1819 Romani
1328 1765 1499 1840 longed
1515 1767 1649 1818 domo
1670 1762 1850 1828 bellare,
1877 1764 2292 1841 &propugnaculis

768 1839 1172 1920 Imperitsociorum
1188 1844 1401 1913 fortunas
1418 1878 1432 1898 ‚
1459 1862 1549 1894 non
1567 1843 1653 1913 sua
1666 1844 1782 1902 tezst'z
1793 1840 2073 1915 defi’nderQ
2087 1863 2105 1907 ,-
2136 1845 2181 1893 ὃς
2212 1842 2313 1904 de.->¹

767 1919 1026 1974 buiffemus
1041 1919 1135 1972 hoc
1153 1919 1325 1971 discere
1342 1919 1369 1971 a
1386 1917 1647 1989 Republica
1660 1917 1756 1982 illa,
1772 1937 1834 1970 ne
1849 1936 2001 1972 tantas
2021 1940 2157 1974 nunc
2172 1921 2297 1974 cala-

769 2000 957 2051 mitates
982 1996 1224 2065 deplorare
1247 1994 1427 2047 necesse
1450 1994 1572 2045 effet.
1603 1994 1690 2045 Ista
1716 1995 1914 2064 politica
1939 1997 2091 2070 magis
2107 2041 2119 2062 ‚
2144 1999 2296 2070 quarn

771 2073 974 2127 ambitio
990 2075 1145 2125 movit
1160 2075 1410 2123 Cantones
1428 2070 1661 2124 Helvetos
1677 2114 1689 2134 ,
1703 2086 1753 2122 ut
1767 2072 2062 2143 populorum
2078 2094 2299 2147 quorun*

772 2152 888 2204 dam
906 2150 1191 2223 susciperent
1208 2150 1562 2220 protectionem
1581 2171 1592 2199 ε
1615 2150 1799 2202 tametsi
1823 2152 1956 2204 enim
1973 2150 2082 2204 satis
2097 2155 2269 2208 scirent
2282 2201 2297 2223 ,

768 2229 817 2284 id
839 2228 1017 2301 absque
1046 2227 1315 2298 sumptibus
1331 2228 1380 2278 ὃς
1398 2226 1688 2283 defensionis
1713 2227 1804 2280 suae
1819 2229 2032 2300 periculo
2061 2230 2159 2285 fieri
2187 2252 2296 2286 non

771 2305 900 2382 poffe
914 2337 930 2362 2
954 2305 1057 2379 plus
1074 2322 1241 2359 tamen
1260 2306 1317 2357 ad
1336 2307 1590 2359 utilitatem
1605 2304 1740 2358 suam
1757 2308 1993 2379 putabant
2007 2309 2216 2362 intereffe
2230 2356 2242 2376 ,
2265 2312 2299 2364 fi

775 2383 926 2459 longe
941 2386 966 2436 ὲ
983 2383 1162 2438 finibus
1179 2385 1272 2437 suis
1287 2384 1412 2438 bella
1434 2400 1663 2460 gererent.
1688 2386 1922 2438 Confinia
1947 2385 2102 2439 Status
2128 2390 2300 2455 vicini,

778 2462 936 2516 Status
949 2463 1120 2533 proprii
1138 2464 1263 2517 muti
1279 2463 1458 2529 sunt,&
1477 2482 1530 2518 ut
1543 2461 1657 2517 tales
1671 2466 1813 2517 omni
1832 2483 1947 2518 cum
1961 2464 2203 2541 vigilantia
2216 2486 2303 2522 cus

769 2540 1026 2597 stodiendi.
2152 2544 2154 2546 ’

2113 3014 2293 3069 SYM-
