2394 3768
461 317 1357 363 SYMBOLA'POLITICA.
1601 303 1676 376 183

139 390 277 465 Regis
291 392 308 458 >
315 388 438 462 fasce
450 407 540 440 ver
549 385 621 441 las
631 389 751 462 cosas
765 436 777 454 ,
799 411 824 443 e
835 388 1090 465 juzgarlas
1102 392 1538 466 ciertzzmentest’gun
1553 392 1636 465 son
1651 411 1678 444 e

126 466 384 547 puedenst’r
394 501 409 522 ,
434 486 458 518 e
473 463 598 519 obmr
607 487 663 519 en
687 465 795 520 ellas
817 487 940 521 como
951 467 1074 521 deve
1090 514 1101 533 ,
1118 489 1142 521 e
1152 489 1243 522 non
1256 467 1678 543 rebmt‘osamentw.

137 548 292 600 Virtus
308 544 374 596 est
388 546 663 614 Principum
686 557 706 578 ⁴
727 546 985 617 propria,&
1002 565 1107 619 quae
1125 548 1333 600 maxime
1348 548 1462 603 facit
1476 548 1675 602 excelle·
1707 552 1910 634 {Namreffl

132 644 178 678 re
201 623 461 676 hominem
478 668 490 686 ,
514 620 732 695 adeoque
745 624 881 694 parce
904 642 1010 677 earn
1024 627 1207 678 Natura
1222 623 1476 696 dispensat.
1507 626 1675 680 Multis
1706 601 1933 698 ἅῇἷῖεἷῇἆῆἶ

132 719 312 775 magna
327 699 459 752 dedit
474 702 670 774 ingenia
687 744 700 765 ,
724 720 958 777 magnam
974 702 1278 755 Prudentiam
1295 701 1481 774 oppido
1496 705 1671 774 paucis·
1704 698 1932 792 {thss‘ritssiff'w

128 779 320 851 Absque
333 778 424 852 „illei
439 823 450 841 ‚
476 779 577 851 quo
596 780 777 852 quique
802 782 971 833 caeteris
1000 780 1231 855 dignitate
1254 779 1409 854 magis
1433 782 1674 840 eminent,
1707 757 1928 841 &nuperi'to’n

129 857 201 911 eo*
215 857 383 928 majori
409 876 524 909 cum
542 857 753 928 periculo
780 859 984 928 praesunt
1015 859 1115 910 aliis
1135 878 1144 909 z
1163 858 1302 912 facile
1317 859 1452 911 enim
1477 861 1676 913 rationis
1707 846 1865 883 Memnd'

131 932 396 989 tranfiliunt
409 934 585 987 limites
601 980 613 999 ,
642 935 693 986 ὃς
707 934 890 1004 peffum
905 953 1025 989 eunt
1050 963 1065 1000 3
1090 937 1139 986 δε
1157 936 1208 988 in
1225 955 1284 989 eo
1301 982 1314 1002 ‚
1351 938 1436 1011 qui
1467 937 1566 990 aliis
1577 939 1676 990 im-

125 1028 253 1086 perat
268 1047 285 1067 ,
301 1011 481 1082 judicio
499 1012 629 1065 claro
645 1033 769 1084 opus
784 1013 849 1064 est
863 1058 874 1077 ‚
889 1013 1024 1086 quod
1035 1032 1105 1066 res
1118 1032 1294 1067 omnes
1308 1059 1321 1080 ‚
1338 1030 1480 1087 prout
1494 1016 1607 1068 sunt
1622 1016 1676 1068 in

124 1092 171 1144 se
184 1135 195 1156 ,
214 1090 427 1162 dispiciat
440 1129 453 1153 ,
484 1092 534 1142 ὃ(
552 1090 735 1165 lingula
748 1090 839 1144 suis
858 1094 944 1145 rite
959 1091 1222 1164 ponderare
1239 1094 1508 1147 momentis
1523 1112 1677 1148 nove-

121 1172 195 1222 rit.
213 1172 423 1222 Examen
442 1167 538 1220 hoc
554 1167 720 1244 magni
736 1169 788 1221 in
804 1170 1100 1241 Principibus
1115 1173 1359 1224 momenti
1373 1171 1455 1228 est,
1473 1172 1523 1222 δε
1542 1170 1677 1223 mul-

123 1264 229 1300 tum
243 1248 294 1298 in
314 1265 372 1298 eo
388 1246 538 1317 potest
554 1249 737 1299 Natura
750 1291 762 1311 ,
793 1246 900 1318 plus
916 1264 1082 1301 tamen
1109 1248 1203 1320 ipse
1231 1266 1389 1302 rerum
1404 1249 1514 1302 usus
1530 1266 1675 1322 atque

121 1324 418 1397 experientia.

230 1407 284 1460 §-
309 1403 376 1453 Ea
390 1399 654 1457 Prudentiae
671 1403 815 1456 virtus
831 1400 995 1454 multis
1019 1402 1206 1455 constat
1221 1402 1429 1472 partibus
1449 1446 1464 1467 ‚
1494 1421 1601 1474 quae
1615 1402 1677 1455 ad

120 1481 206 1533 tria
222 1479 373 1551 capita
387 1477 549 1532 reduci
566 1478 789 1549 poffunt5
813 1477 1047 1532 memoria
1063 1479 1091 1530 s
1086 1478 1238 1534 cilicet
1254 1481 1481 1551 praeteriti,
1493 1478 1676 1533 intelli-

117 1557 278 1634 gentia
294 1557 527 1628 praesentis
545 1596 557 1617 ,
570 1558 620 1607 ὃς
634 1556 932 1627 providentia
948 1558 1110 1611 futuri.
1148 1561 1341 1611 Omnes
1359 1557 1464 1611 istas
1481 1573 1676 1630 tempo-

116 1638 177 1689 ris
192 1633 482 1688 differentias
495 1634 547 1684 in
571 1632 877 1686 Emblemate
900 1635 1113 1704 praesenti
1131 1637 1330 1707 Serpens
1345 1636 1642 1708 repraesentat
1656 1681 1672 1703 ‚

115 1712 384 1766 Prudentiae
410 1708 709 1783 Symbolum
726 1755 739 1776 ,
767 1710 903 1782 supra
933 1709 1230 1783 clepsydram
1248 1715 1534 1772 arenariam,
1567 1732 1675 1787 quae
1744 1780 1747 1784 Α

114 1789 350 1864 praesentis
377 1787 702 1861 currentisque
728 1789 956 1860 temporis
980 1787 1046 1841 est
1074 1787 1495 1863 hieroglyphicum
1513 1817 1527 1853 3
1573 1792 1675 1844 sce-

117 1884 277 1940 ptrum
308 1866 435 1937 spiris
459 1865 551 1917 suis
577 1867 799 1920 ambiens
816 1911 829 1931 ‚
858 1868 907 1918 &
932 1865 1277 1938 contemplans
1301 1866 1397 1919 sese
1421 1869 1473 1920 in
1491 1866 1674 1940 duplici

117 1942 311 2017 speculo
325 1943 532 2014 praeteriti
547 1946 774 2016 temporis
786 1946 837 1996 δε
854 1945 998 1997 futuri
1014 1971 1028 2008 3
1055 1963 1143 2015 pro
1156 1943 1387 1999 lemmate
1403 1943 1513 1999 vero
1526 1947 1674 2018 poni-

117 2040 192 2076 tur
205 2020 327 2074 illud
346 2023 546 2076 Homeri
562 2041 756 2076 carmen
769 2022 794 2075 ὲ
807 2022 1010 2097 Virgilio
1024 2021 1322 2079 traductum,
1337 2023 1476 2097 quod
1496 2025 1669 2078 omnia

118 2103 203 2153 tria
216 2098 553 2170 complectitur
569 2116 786 2171 tempora
800 2122 810 2149 ε
1447 2103 1454 2108 “
1785 2166 1788 2169 Γ

259 2173 498 2250 Qafint2
510 2177 801 2253 quasuerint2
815 2196 908 2252 qua
920 2196 1033 2229 mox
1043 2179 1240 2231 ventura
1258 2174 1508 2230 trahantur.
1701 2175 1822 2224 Virgih

119 2259 176 2308 In
193 2273 297 2327 quae
311 2258 505 2307 intuens
531 2255 831 2309 Providentia
846 2255 949 2307 suas
964 2253 1240 2309 moderatur
1255 2256 1485 2308 actiones

231 2333 339 2384 Tria
354 2331 437 2383 ista
452 2348 670 2403 tempora
685 2333 935 2403 speculum
953 2333 1066 2385 sunt
1080 2331 1446 2407 gubernationis
1466 2377 1479 2397 ‚
1493 2334 1546 2387 in
1562 2353 1666 2408 quo

119 2408 347 2472 maculas,
364 2411 413 2460 ὃς
428 2427 599 2461 errores
611 2411 862 2480 praeteritos
877 2412 1039 2480 pariter
1053 2449 1066 2473 ,
1084 2429 1138 2463 ac
1152 2411 1398 2481 praesentes
1411 2410 1667 2465 observan-

119 2488 212 2553 do,
228 2487 321 2539 sese
336 2504 476 2539 ornat
492 2488 542 2537 &
555 2486 732 2558 expolit
748 2531 760 2550 ,
789 2485 947 2556 adjuta
961 2488 1240 2558 experientia
1253 2487 1437 2560 propria
1450 2523 1465 2544 ,
1498 2488 1667 2560 &ipso

119 2584 275 2619 rerum
295 2565 357 2617 us
351 2585 381 2617 u
397 2563 683 2635 comparata.
713 2568 786 2616 De
803 2562 985 2635 propria
1001 2583 1094 2639 ago
1109 2563 1219 2618 alibi
1237 2588 1249 2617 :
1275 2565 1405 2631 Qae
1421 2584 1669 2636 compara-

123 2656 214 2708 tur,
232 2658 310 2694 aut
328 2643 781 2695 communicatione
794 2660 911 2695 cum
927 2641 1027 2693 aliis
1045 2685 1058 2704 ,
1073 2656 1151 2693 aut
1168 2660 1224 2695 ex
1237 2642 1454 2695 Historiis
1467 2643 1670 2715 acquiri-

123 2739 213 2775 tur.
243 2721 650 2772 Communicatio
667 2739 780 2772 cum
804 2719 902 2771 aliis
916 2737 1144 2791 perquam
1160 2719 1287 2772 utilis
1301 2719 1366 2771 est
1382 2765 1394 2785 ‚
1421 2719 1501 2772 etfi
1516 2719 1669 2772 restri-

123 2800 268 2861 Ctior3
288 2817 403 2850 nam
421 2797 600 2849 facilius
616 2796 1040 2868 comprehenditur
1053 2831 1069 2851 ,
1096 2797 1146 2847 ὅ(
1161 2796 1357 2849 abunde
1372 2797 1524 2872 magis
1537 2797 1669 2849 satis-

119 2877 231 2929 facit
248 2875 404 2928 dubiis
420 2875 655 2928 omnibus
668 2895 721 2928 ac
736 2874 1079 2947 quaestionibus
1100 2918 1111 2938 ‚
1127 2874 1259 2927 unde
1277 2875 1543 2946 Principem
1558 2894 1666 2928 mee=

119 2953 206 3006 lius
222 2954 421 3006 instruit.
435 2953 642 3005 Historia
655 2972 830 3006 omnes
841 2950 971 3025 quasi
983 2951 1160 3005 mundi
1173 2970 1328 3006 aetates
1340 2953 1530 3023 subjicit
1544 2972 1667 3007 ocu-

119 3030 189 3096 lis,
201 3029 422 3104 illiusque
438 3030 675 3084 beneficio
693 3038 927 3084 memoria
940 3031 1088 3085 vitam
1107 3032 1353 3102 Majorum
1366 3032 1496 3086 vivit.
1508 3034 1665 3083 Errata

119 3126 302 3176 eorum,
316 3110 400 3182 qui
417 3109 612 3163 fuerunt
626 3108 910 3182 aliquando,
923 3127 1023 3165 eos,
1038 3110 1120 3181 qui
1138 3128 1273 3163 nunc
1288 3107 1587 3174 sunt‚erudiu
1595 3125 1665 3161 nt.

948 3187 1007 3256 Q.
1047 3206 1072 3235 2
1508 3186 1672 3253 Quare
