2394 3768
715 325 798 374 676
1041 313 1367 356 DIDACI
1423 312 1898 353 SAAVEDRAE

717 391 802 465 oiae
820 389 908 439 suae
925 382 1183 453 Majestatis
1200 379 1403 432 tutelam
1417 379 1468 429 &
1487 378 1785 431 consensum
1811 398 1896 450 pro
1925 382 2242 437 matrimonio

717 467 800 520 filii
819 464 885 515 sui
902 463 1050 514 Ducis
1064 457 1297 511 Ratellani
1316 476 1431 510 cum
1451 458 1666 528 Principe
1678 457 1824 509 Maria
1839 455 2246 528 petiiffet,utrum

716 561 809 628 que
826 539 1070 601 obtinuit·
1085 536 1162 588 sed
1183 536 1415 589 confecto
1433 535 1661 608 negotiO,
1691 534 1958 587 Madritum
1979 555 2094 588 mox
2110 557 2244 593 nun·

714 624 886 672 tiarum
909 618 998 668 fuit
1016 614 1191 667 artibus
1208 614 1420 665 Comitis
1446 613 1623 687 Estrigii
1648 611 1970 665 celebratum
1957 633 2055 683 jam
2081 619 2243 683 matri-

713 697 973 752 monium,
1007 692 1271 745 Vincentio
1290 658 1592 742 Mantuano&
1588 691 1752 743 Duce
1742 708 1791 742 in
1817 693 2037 744 extremis
2061 679 2243 746 consti-

711 790 819 826 tuto
832 809 847 829 ‚
885 771 1016 825 nulla
1043 768 1165 842 prius
1183 788 1298 822 cum
1314 766 1392 820 sua
1409 767 1650 840 Majestate
1678 787 1730 822 ea
1753 769 1886 839 super
1899 787 1946 820 re
1959 769 2082 823 faeta
2099 789 2242 822 com-

712 851 1235 913 municatione‚contra
1250 865 1304 899 ac
1324 850 1506 921 Regem
1525 847 1645 898 inter
1660 847 1708 896 ὅ(
1725 850 1916 899 Ducem
1932 864 2240 901 convenerat.

712 927 859 982 Vnde
875 926 1186 982 novitasista‚
1213 944 1318 998 quae
1334 923 1586 976 nonnullis
1615 940 1925 995 contemptus
1957 925 2158 997 quidam
2188 927 2241 976 δέ

711 1004 978 1059 diffidentia
994 1004 1255 1059 videbatur,
1272 1001 1431 1055 tutelae
1444 1004 1778 1054 executionem
1796 1001 1975 1054 distulit
1990 1004 2205 1074 inprimis
2221 1038 2238 1060 ‚

711 1087 760 1137 ὅ(
801 1085 937 1138 novis
953 1082 1128 1135 deinde
1143 1078 1585 1134 consultationibus
1609 1080 1777 1132 ansam
1794 1079 1926 1131 dedit
1940 1115 1955 1135 2
1984 1082 2159 1152 quibus
2176 1080 2237 1134 fic

711 1163 896 1227 visum,
915 1177 967 1214 ut
987 1178 1104 1213 tunc
1117 1158 1318 1232 quidem
1337 1159 1428 1212 istis
1444 1159 1681 1210 omnibus
1696 1157 1989 1211 diffimulatis
2004 1157 2235 1211 effestum

711 1242 851 1294 suum
867 1240 1010 1314 gratia
1027 1239 1289 1300 sortiretur,
1305 1240 1354 1288 δε
1374 1236 1434 1288 de
1450 1237 1768 1288 matrimonio
1786 1237 1909 1289 inito
1928 1237 2239 1311 congratula-

709 1321 778 1371 tio
796 1318 1011 1370 fie1et.v
1015 1336 1150 1369 erum
1167 1314 1281 1369 cum
1298 1314 1596 1368 Providentia
1611 1313 1771 1368 divina
1786 1316 1976 1368 ruinam
1994 1315 2120 1366 urbis
2137 1318 2238 1367 Do-

709 1396 914 1468 musque
936 1398 1214 1448 Mantuanae
1230 1395 1298 1446 ob
1325 1391 1740 1463 Principumillius
1756 1393 1895 1456 vitia,
1920 1394 1969 1443 ὃ(
1998 1391 2131 1445 illusa
2160 1391 2240 1443 sae-

708 1474 811 1547 pius
829 1475 1137 1526 matrimonia
1154 1471 1442 1543 disponeret,
1459 1471 1516 1523 ad
1535 1469 1749 1523 eundem
1763 1470 1905 1523 istum
1927 1470 2076 1522 finem
2096 1489 2240 1525 even-

709 1572 785 1607 tus
802 1572 887 1604 om
897 1571 977 1604 nes
991 1551 1220 1626 dirigebat
1235 1578 1248 1613 3
1265 1569 1407 1623 atque
1420 1548 1542 1601 adeo
1554 1548 1674 1601 dum
1691 1548 1789 1602 haec
1800 1549 1850 1600 in
1869 1548 2095 1617 Hispania
2107 1567 2238 1623 gere-

709 1649 886 1693 rentur,
900 1627 1057 1683 effecit
1071 1628 1338 1682 Cardinalis
1357 1628 1596 1682 Richelius
1611 1629 1785 1698 juratus
1804 1628 1952 1680 Ducis
1970 1629 2241 1680 Nivernen-

709 1709 765 1761 sis
780 1709 922 1760 hostis
936 1748 948 1771 ‚
975 1724 1026 1760 ut
1042 1707 1311 1779 opitulante
1326 1708 1413 1760 suo
1432 1709 1560 1780 Rege
1588 1713 1694 1758 Dux
1717 1705 2034 1778 Allobrogum
2053 1705 2238 1758 bellum

714 1788 781 1840 illi
809 1788 995 1838 inferret
1021 1806 1107 1856 pro
1134 1787 1187 1837 iis
1204 1784 1529 1856 occupandis,
1563 1784 1620 1833 ad
1639 1802 1743 1854 quae
1771 1784 1820 1833 in
1842 1783 2141 1833 Monfetrato
2170 1786 2241 1853 jus

715 1863 914 1934 aliquod
930 1861 1243 1913 obtendebat.
1263 1866 1321 1910 At
1338 1865 1445 1911 Dux
1461 1859 1535 1909 ille
1553 1859 1869 1911 subodoratus
1883 1902 1894 1922 ,
1926 1859 2119 1910 nonnisi
2137 1861 2247 1912 ina-

715 1958 831 1993 nem
863 1939 996 1991 hunc
1027 1937 1223 1989 titulum
1253 1936 1342 1988 esse
1370 1981 1383 1999 ,
1406 1936 1464 1987 ad
1495 1936 1850 1988 introducenda
1876 1939 1924 1987 in
1961 1937 2141 1988 ltaliam
2174 1956 2247 1989 ar-

712 2037 795 2070 ma
811 2015 993 2066 Gallica
1006 2049 1022 2069 ,
1039 2015 1086 2063 6<
1102 2012 1258 2064 media
1273 2011 1516 2082 utriusque
1531 2015 1678 2063 Ducis
1691 2011 1827 2064 ruina
1842 2012 2118 2087 augendam
2139 2017 2248 2065 Co-

711 2111 841 2147 ronae
865 2090 1099 2142 Francicae
1126 2087 1504 2160 amplitudinem
1521 2130 1533 2152 ,
1557 2107 1659 2140 rem
1688 2108 1897 2142 omnem
1911 2090 2162 2143 Gonsalvo
2186 2091 2248 2144 de

710 2169 943 2235 Corduba
970 2167 1291 2220 Gubernatori
1310 2165 1670 2218 Mediolanenfi
1689 2169 1865 2240 aperuit
1881 2208 1894 2232 ‚
1920 2167 2045 2221 ultro
2058 2169 2248 2240 pollici—

710 2266 787 2302 tus
801 2287 814 2312 ,
832 2246 862 2299 si
881 2248 1021 2299 armis
1033 2245 1125 2297 suis
1141 2245 1224 2298 sibi
1240 2243 1403 2317 praesto
1420 2244 1570 2300 foret,
1587 2244 1633 2296 se
1648 2246 1850 2298 Franciae
1866 2263 2015 2318 partes
2030 2246 2244 2300 desertu-

710 2347 834 2380 rum.
857 2322 1128 2377 Gonsalvus
1142 2341 1332 2392 tempus
1349 2322 1430 2375 sibi
1450 2322 1545 2374 dari
1563 2324 1693 2394 petiit
1714 2368 1726 2387 ,
1743 2340 1795 2375 ut
1813 2324 1864 2377 ea
1877 2324 1937 2377 de
1954 2343 1999 2377 re
2015 2325 2072 2377 ad
2090 2324 2242 2378 confi·

711 2407 832 2459 lium
850 2405 1033 2456 referret
1049 2405 1099 2454 in
1116 2399 1684 2474 Hispaniam‚vidensque
1700 2401 1819 2454 illud
1837 2403 1861 2455 a
1882 2403 2018 2457 Duce
2035 2401 2247 2477 denega-

712 2487 747 2537 ri
766 2530 780 2546 ,
796 2485 844 2534 ὅ(
864 2481 947 2534 nisi
960 2481 1118 2534 eidem
1145 2480 1323 2532 auxilio
1337 2480 1510 2532 adeffet
1526 2525 1537 2543 ,
1575 2480 1766 2551 Alpium
1786 2498 1942 2551 portas
1959 2483 2147 2534 Francis
2163 2502 2245 2553 pa-

712 2563 946 2615 tefaetum
959 2562 1010 2613 iri
1026 2595 1042 2616 2
1062 2556 1311 2633 magisque
1326 2557 1699 2629 perturbandam
1721 2560 1903 2611 Italiam
1922 2557 2107 2630 ‚suapte
2121 2560 2250 2612 inte·

714 2641 803 2692 rim
819 2638 990 2711 sponte
1008 2657 1121 2690 cum
1137 2657 1197 2690 eo
1211 2637 1453 2712 transegit,
1468 2636 1655 2709 sperans
1675 2637 1738 2688 Es
1733 2637 1895 2708 padini
1913 2637 2052 2708 opera
2068 2636 2242 2690 Casalo

716 2719 763 2769 se
777 2718 1059 2787 potiturum,
1076 2735 1178 2788 quo
1195 2714 1322 2768 fieret
1337 2714 1785 2788 (quemadmodum
1800 2716 1894 2787 ipse
1908 2715 1966 2768 ad
1983 2716 2118 2769 suam
2133 2719 2243 2768 Ma-

719 2796 928 2865 jestatem
942 2793 1253 2866 perscribebat
1271 2798 1287 2863 )
1308 2810 1360 2845 ut
1374 2792 1558 2846 facilius
1572 2792 1748 2847 deinde
1768 2796 2029 2866 Imperator
2044 2811 2244 2847 contro-

716 2871 878 2926 versias
899 2874 950 2924 in
974 2872 1277 2925 Monferrato
1299 2874 1349 2921 ὅ(
1371 2874 1648 2923 Mantuano
1676 2877 1867 2926 Ducatu
1886 2867 2066 2925 exortas
2095 2869 2243 2944 posset

722 2968 1034 3021 componere.
1061 2953 1218 3022 Atque
1236 2950 1332 3003 hoc
1345 2950 1501 3021 ipsum
1517 2948 1772 3003 consilium
1790 2948 1948 3003 effecit
1959 2949 2133 3003 deinde
2146 2984 2161 3007 ‚
2190 2964 2243 3001 ut

722 3030 804 3080 sua
834 3027 1050 3098 Majestas
1067 3026 1261 3081 alteram
1278 3029 1423 3080 etiam
1439 3027 1596 3080 tutelae
1618 3031 1955 3082 executionem
1985 3025 2243 3100 suspende-

721 3123 807 3161 ret,
835 3105 1148 3179 quantumvis
1164 3105 1275 3164 alias
1290 3124 1462 3178 pacem
1478 3104 1619 3158 Italiae
1648 3122 1838 3178 cuperet
1853 3134 1867 3169 3
1899 3125 2048 3179 quam
2077 3120 2244 3158 tamen

2188 3198 2246 3237 ut
