2394 3768
760 382 813 420 80
1087 373 1402 415 DIDACI
1484 374 1940 415 SAAVEDRAE

761 451 887 502 tium
920 444 1120 499 vocibus
1144 444 1204 497 ab
1220 443 1396 496 eodem
1411 442 1628 496 retardari
1649 444 1694 496 se
1719 442 1853 497 sinat.
1899 449 2171 520 Nunquam
2202 465 2312 498 non

761 524 968 578 eminuit
999 521 1269 575 constantia
1282 521 1382 585 ista,
1398 522 1448 572 &
1467 521 1663 574 firmitas
1679 522 1830 573 animi
1848 524 1898 574 in
1917 525 2153 595 Hispaniae
2167 525 2312 598 Regi-

761 602 851 654 bus
868 646 878 665 ‚
897 600 1072 674 quibus
1087 597 1216 671 quasi
1234 601 1477 670 proprium
1496 600 1679 670 semper
1697 599 1788 651 fuit
1804 643 1816 663 ‚
1849 600 2080 653 invidiam
2098 604 2146 652 ὅ(
2161 620 2313 654 aemu-

760 679 923 731 lorum
941 677 1318 730 obtrecftationes
1331 675 1580 748 despicere5
1594 696 1695 749 quo
1712 695 1816 729 uno
1831 678 1976 749 prope
1990 678 2186 732 artificio
2202 679 2307 749 plu-

758 758 890 809 rimae
902 753 1170 808 istiusmodi
1187 752 1401 824 dispulsae
1415 755 1524 806 sunt
1538 753 1740 817 nebulae,
1754 774 1870 827 quas
1883 754 1996 808 ficut
2008 757 2196 828 Imperii
2209 775 2316 809 ma-

758 834 892 906 jestas
906 835 1090 895 excitat,
1103 833 1165 883 ita
1183 831 1372 884 easdem
1388 834 1431 885 vi
1449 832 1650 886 veritatis
1666 831 1859 884 viciffim
1877 832 2083 898 discutit,
2101 833 2227 886 haud
2242 834 2313 885 se-

763 932 848 965 cus
863 931 917 964 ac
935 929 1127 982 vapores
1146 908 1267 960 Solis
1289 908 1418 962 calor
1435 925 1662 962 attenuat.
1692 908 1865 977 Quam
1882 911 2087 963 infames
2104 911 2313 976 libellos,

759 990 911 1063 quam
927 986 1175 1040 manifesta
1188 986 1459 1051 mendacia,
1479 1006 1582 1058 quae
1600 987 1834 1061 figmenta
1853 1027 1865 1051 -,
1892 1007 2010 1061 quas
2040 989 2309 1041 calumnias

760 1084 930 1120 contra
963 1065 1056 1119 His
1052 1066 1201 1137 paniae
1236 1064 1574 1117 Monarchiam
1617 1065 1880 1136 sparserunt
1908 1066 2025 1137 saepe
2059 1066 2307 1120 malevoli!

758 1147 934 1216 Neque
949 1161 1114 1195 tamen
1126 1141 1371 1194 aemulatio
1385 1142 1466 1194 ista
1481 1141 1630 1194 ullam
1647 1143 1881 1217 aspergere
1895 1146 2052 1215 potuit
2067 1144 2310 1197 maculam

760 1221 1161 1275 administrationi
1179 1236 1280 1271 tam
1304 1219 1431 1288 justae
1446 1238 1708 1293 regnorum
1727 1266 1738 1286 ‚
1769 1239 1874 1293 quae
1891 1223 1941 1273 in
1972 1222 2154 1292 Europa
2173 1221 2314 1293 posti·-

761 1300 843 1353 det
857 1335 873 1354 ,
890 1297 1024 1372 quod
1041 1296 1200 1368 palam
1218 1296 1300 1350 illa
1310 1295 1380 1352 sit,
1398 1299 1448 1347 ὃς
1463 1298 1514 1349 in
1530 1298 1683 1349 oculis
1702 1299 1946 1350 omnium.
1970 1302 2095 1351 Inter
2114 1300 2202 1351 alia
2216 1343 2228 1363 ,
2258 1316 2313 1352 ut

763 1379 904 1430 novis
922 1376 1102 1429 artibus
1116 1420 1129 1439 ,
1159 1377 1207 1426 ὅ(
1227 1372 1450 1427 ςοῃῇέὶίς,
1467 1374 1729 1427 mendaciis
1746 1376 2022 1428 dominatio
2050 1378 2146 1447 ejus
2161 1376 2314 1451 magis

760 1455 911 1508 invisa
924 1452 1191 1505 redderetur
1208 1496 1220 1515 ‚
1249 1451 1466 1524 adeoque
1483 1453 1735 1522 provinciae
1747 1452 1937 1506 rebelles
1954 1453 2013 1505 ad
2030 1455 2313 1507 reconcilia-

764 1532 956 1584 tionem
969 1527 1134 1582 minus
1149 1529 1402 1599 adjicerent
1416 1531 1625 1594 animos,
1638 1547 1774 1582 autor
1793 1533 1956 1584 nescio
1969 1533 2091 1604 quiS,
2107 1532 2315 1585 nomine

759 1606 1021 1679 Chapenlis
1035 1606 1282 1679 cujusdam
1295 1606 1511 1678 Episcopi
1525 1607 1702 1660 librum
1715 1607 2045 1682 divulgavit‚in
2063 1629 2164 1681 quo
2179 1609 2313 1663 mul-

765 1687 824 1738 tis
839 1681 1299 1757 persequitur‚quam
1315 1683 1643 1737 inhumaniter
1656 1688 1706 1736 δε
1721 1684 1847 1736 male
1865 1685 1925 1737 ab
1940 1686 2152 1756 Hispana
2165 1704 2313 1761 gente

757 1763 943 1816 tractati
959 1764 1134 1815 fuerint
1149 1761 1396 1813 lndiarum
1412 1761 1596 1832 populi.
1612 1766 1768 1834 Atque
1784 1778 1837 1813 ut
1851 1782 1903 1815 ea
1918 1762 2171 1816 mendacia
2190 1765 2309 1817 faci-

761 1838 853 1894 lius
866 1839 1015 1891 fidem
1040 1839 1314 1892 invenirent
1330 1875 1346 1895 ‚
1374 1837 1585 1910 primum
1604 1840 1653 1890 in
1670 1838 1765 1910 ipsa
1783 1838 2006 1910 Hispania
2034 1840 2210 1911 sparsus
2225 1842 2315 1894 fuit

760 1918 876 1971 liber
890 1917 1227 1989 iste‚tanquam
1247 1916 1429 1987 Hispali
1448 1919 1572 1986 typis
1587 1916 1756 1979 editus,
1769 1918 1883 1968 &in
1902 1916 2014 1969 alias
2027 1917 2201 1969 deinde
2215 1917 2313 1971 lin-

760 2014 876 2069 guas
889 1995 1133 2045 transsatus
1146 1993 1225 2045 est.
1247 1992 1502 2067 Ingeniosa
1516 1994 1628 2045 sane
1642 1994 1879 2057 inventio,
1894 1995 1943 2045 &
1962 2011 2099 2047 acuta
2114 1995 2311 2060 malitia,

760 2071 1013 2144 magisque
1028 2070 1167 2122 noxia
1183 2114 1195 2132 ,
1210 2070 1361 2142 quam
1375 2071 1497 2122 forte
1509 2069 1632 2123 credi
1647 2070 1782 2141 possit
1800 2092 1809 2120 :
1845 2073 2019 2143 quippe
2033 2091 2136 2144 quae
2152 2074 2203 2125 in
2221 2073 2309 2125 sm·

759 2150 878 2202 ceris
896 2148 1186 2220 quibusdam
1199 2148 1372 2200 animis
1386 2147 1650 2217 plurimum
1670 2165 1857 2219 operata
1874 2150 1937 2200 est
1956 2150 2070 2201 mali
2084 2177 2097 2213 3
2112 2150 2190 2202 etsi
2206 2170 2316 2221 pru-

762 2225 1004 2278 dentiores
1019 2225 1230 2297 plerique
1247 2244 1365 2277 mox
1387 2225 1604 2278 fraudem
1624 2227 1937 2300 agnoverint,
1965 2225 2201 2299 siquidem
2229 2229 2313 2281 ista

762 2304 935 2356 omnia
967 2303 1073 2354 satis
1103 2301 1324 2356 confutat
1349 2302 1547 2376 infignis
1591 2304 1857 2376 Religionis
1888 2303 2015 2356 zelus
2040 2305 2089 2355 δε
2116 2305 2284 2375 justitia
2299 2349 2313 2370 ,

763 2400 913 2454 quam
929 2380 1143 2451 Hispana
1160 2382 1310 2432 Natio
1327 2380 1479 2432 ubivis
1497 2398 1719 2432 terrarum
1738 2380 2113 2434 constantissime
2130 2383 2314 2456 semper

761 2473 943 2510 exercet
959 2476 1013 2509 ac
1027 2472 1185 2509 tuetur
1201 2501 1215 2522 ‚
1249 2476 1340 2509 nec
1354 2456 1439 2510 sibi
1467 2452 1562 2528 ipsa
1581 2459 1629 2509 in
1651 2458 1771 2510 Solis
1800 2458 1947 2511 Indiis
1974 2458 2202 2514 diffimilis
2230 2462 2312 2515 est.

760 2533 890 2587 Illud
916 2550 1081 2586 tamen
1113 2553 1220 2586 non
1238 2532 1443 2587 diffiteor
1456 2574 1470 2598 ,
1494 2534 1583 2587 sub
1610 2536 1814 2606 primam
1844 2537 2071 2589 Americae
2112 2537 2316 2594 invasio-

761 2630 882 2664 nem
895 2610 1119 2683 quaedam
1138 2630 1244 2663 non
1260 2613 1476 2664 omnino
1503 2611 1751 2683 probanda
1769 2611 2012 2678 accidiffe3
2046 2615 2125 2667 sed
2142 2635 2311 2669 eorum

759 2689 994 2741 duntaxat
1020 2689 1136 2743 vitio
1156 2733 1167 2753 ,
1199 2690 1410 2763 quicum
1430 2690 1603 2743 orbem
1627 2692 1760 2742 hunc
1785 2692 2042 2765 cognitum
2072 2695 2223 2746 animi
2243 2693 2312 2745 sui

764 2765 1075 2836 amplitudini
1092 2768 1237 2820 nimis
1251 2769 1397 2819 etiam
1415 2767 1674 2840 angustum
1693 2766 1951 2833 crederent,
1964 2768 2056 2821 aufi
2072 2770 2198 2823 fuere
2212 2789 2316 2842 per-

706 2843 724 2880 1
763 2843 904 2896 miffu
921 2844 1072 2916 magis
1085 2844 1153 2896 sui
1167 2846 1325 2919 Regis,
1340 2844 1488 2917 quam
1503 2842 1637 2913 jussu,
1661 2861 1742 2897 aut
1758 2844 1997 2898 electione
2014 2891 2026 2911 ,
2048 2848 2182 2899 suam
2198 2847 2312 2902 alibi

765 2920 956 2991 experiri
979 2922 1241 2974 F0rtunam
1262 2966 1274 2985 ,
1301 2924 1351 2973 &
1367 2940 1516 2973 novas
1529 2921 1761 2974 haetenus
1788 2924 2062 2998 incognitas
2079 2925 2313 2997 inquirere

766 2999 987 3071 regiones
1002 3041 1015 3061 ,
1046 2997 1127 3050 ubi
1142 2999 1352 3069 populos
1367 2997 1613 3051 offendere
1630 2999 1852 3052 barbaros
1868 3042 1880 3065 ,
1898 3000 2146 3053 idolorum
2165 3003 2314 3058 cultui

765 3073 1079 3147 superstitiose
1099 3075 1306 3142 deditos,
1319 3075 1422 3148 ipsis
1437 3077 1579 3128 etiam
1599 3077 1702 3129 feris
1716 3078 2042 3142 immanioreS,
2057 3079 2139 3151 qui
2155 3080 2309 3133 ferino

764 3171 901 3206 more
917 3151 1130 3207 humana
1146 3172 1286 3208 carne
1299 3157 1446 3210 vitam
1462 3154 1791 3230 propagabant
1809 3199 1822 3220 ‚
1849 3174 2061 3229 quorum
2081 3158 2311 3211 inhuma-
2346 3209 2349 3213 ,

2173 3252 2309 3305 nitas,
