2394 3768
457 2825 582 2860 Horat.

681 305 766 358 678
1027 299 1346 342 DIDACI
1407 285 1872 338 sAAvEDRAE

913 440 1604 503 SYMBOLVM
1693 440 2001 502 XCVI.

685 2337 822 2474 V
841 2357 858 2392 1
879 2356 911 2391 c
928 2353 965 2390 τ
987 2355 1022 2390 o
1039 2354 1071 2389 R
1090 2356 1106 2389 1
1124 2354 1155 2388 A
1192 2336 1246 2390 in
1258 2334 1400 2390 bellis
1429 2336 1557 2409 justis
1572 2353 1743 2409 pacem
1757 2352 1811 2390 ut
1838 2334 1994 2391 finem
2019 2335 2229 2408 sped‘tat,

845 2416 904 2471 ad
918 2417 1046 2470 hanc
1062 2413 1298 2489 siquidem
1319 2458 1332 2478 ,
1360 2416 1412 2466 ὃ(
1425 2414 1486 2468 ad
1502 2415 1778 2489 aequitatem
1795 2413 1986 2469 hostem
2003 2414 2203 2469 adducit
2215 2458 2230 2480 ,

691 2514 837 2571 atque
863 2494 985 2549 adeo
1000 2495 1079 2548 illa
1093 2492 1251 2569 magis
1265 2496 1350 2547 erit
1374 2493 1585 2568 gloriosa
1598 2528 1617 2551 ‚
1651 2512 1803 2568 quam
1819 2495 1999 2548 minori
2013 2512 2128 2549 cum
2146 2493 2233 2548 da-

692 2593 823 2628 mno
850 2593 918 2626 ars
933 2574 1095 2649 largita
1112 2572 1252 2625 fuerit
1274 2615 1287 2635 ,
1313 2590 1421 2626 non
1445 2590 1696 2626 armorum
1709 2571 1856 2631 robur
1872 2594 1883 2623 ε
1900 2571 1981 2626 illa
1994 2573 2198 2647 inquam
2216 2616 2231 2637 ,

693 2672 799 2728 quae
811 2652 974 2705 minus
988 2651 1177 2725 pulvere
1193 2651 1239 2701 ὃ(
1257 2649 1490 2725 sanguine
1502 2649 1700 2722 respersa
1716 2651 1871 2705 fuerit.
1886 2651 2105 2706 Palmam
2120 2648 2230 2705 dul-

695 2750 804 2786 cem
820 2732 1048 2784 Horatius
1061 2727 1285 2801 appellat,
1301 2748 1406 2801 quae
1421 2728 1485 2780 fic
1500 2728 1767 2793 obtinetur,
2188 2734 2194 2740 '

1177 2805 1349 2859 Dulcis
1360 2803 1464 2878 fine
1472 2804 1666 2881 pulvere
1677 2806 1856 2883 palma.
2053 2854 2077 2861 ,γ
2114 2868 2127 2881 ,ὁ

695 2887 915 2939 Romani
943 2903 1029 2953 pro
1051 2884 1259 2937 virstoriis
1284 2901 1490 2937 cruentis
1517 2884 1719 2936 Gallum
1751 2887 1849 2938 Diis
1873 2884 2077 2941 sacrifica
2116 2902 2201 2941 ant
2214 2931 2230 2953 ,

696 2962 878 3018 bovem
898 2961 1009 3016 vcro
1020 2979 1106 3033 pro
1121 2962 1176 3013 iis
1190 2995 1207 3018 ‚
1229 2979 1349 3033 quas
1362 2979 1430 3013 ars
1444 2962 1493 3012 ὅ(
1513 2961 1740 3015 industria
1755 2981 2004 3035 pepererat.
2032 2967 2078 3017 Si
2093 2967 2229 3040 inge·

700 3042 787 3095 nio
802 3040 860 3094 ad
878 3042 966 3093 Dei
984 3037 1260 3091 accedimus
1275 3036 1666 3097 similitudinem,
1685 3043 1800 3095 vires
1816 3059 1977 3095 autem
1994 3061 2227 3096 commu-

700 3137 785 3172 nes
800 3117 1036 3172 habemus
1051 3134 1166 3168 cum
1181 3115 1373 3173 belluis,
1386 3115 1637 3192 gloriosius
1653 3119 1819 3191 utique
1833 3121 1917 3183 erit
1931 3120 2022 3174 illo
2036 3119 2225 3173 hostem

2061 3197 2230 3253 vince-
