2394 3768
492 328 888 371 SYMBOLA
948 327 1370 367 POLITICA.
1613 335 1690 383 479

173 399 339 450 rans&
358 397 631 468 imperitum
659 413 860 450 errorem
876 399 1038 468 pariter
1060 397 1432 469 imprudentiam
1458 395 1686 467 interpre-

174 492 305 536 tatur,
320 475 367 524 ὃς
387 475 784 527 emendationem
801 476 1054 528 levitatem.

277 556 329 608 5.
356 551 561 604 Tametsi
595 552 702 604 vero
728 571 939 603 errorum
968 550 1375 603 retractandorum
1410 553 1575 602 auctor
1599 548 1686 602 sim

169 626 1687 700 Pnnmpinimnoendeonnufflssunwfflfiffnnoessminonde-

169 702 271 758 bet:
292 705 433 777 aliqui
460 708 592 767 enim
611 724 708 758 tam
726 708 878 780 exigui
903 707 1042 768 sunt,
1072 705 1255 758 utiniis
1270 705 1566 778 corrigendis
1582 724 1691 779 gra-

164 783 345 836 viorem
376 775 570 836 levitatis
599 783 947 854 suspicionem,
974 801 1053 836 aut
1077 782 1433 835 existimationis
1455 783 1687 851 jac‘turam

163 862 301 913 vereri
317 860 488 913 merito
502 862 607 932 quis
611 861 780 932 pollit3
811 862 1029 933 adeoque
1045 861 1126 914 ubi
1141 860 1384 930 paullatim
1403 858 1552 930 seipsis
1566 859 1688 910 desi-

162 956 305 1001 nunt,
325 946 414 991 nec
430 939 633 991 aliorum
648 937 957 1012 grandiorum
986 937 1246 1008 periculum
1261 937 1343 1001 est,
1355 937 1493 989 satius
1506 941 1589 988 erit
1605 956 1684 987 eos

162 1015 501 1067 inemendatos
513 1016 792 1089 relinquere.
826 1017 914 1069 Alii
933 1016 1059 1069 istius
1075 1016 1184 1067 sunt
1204 1015 1502 1068 conditionis
1518 1049 1532 1070 ‚
1551 1031 1602 1065 ut
1618 1014 1683 1064 se-

159 1094 239 1163 qui
255 1112 335 1145 eos
352 1091 525 1162 praestet
547 1095 730 1158 ‚immo
744 1094 919 1146 fortiter
939 1096 1082 1146 etiam
1115 1095 1163 1144 ὃ(
1192 1092 1463 1146 constanter
1495 1092 1551 1143 ad
1582 1091 1687 1142 eos-

158 1170 271 1222 dem
290 1170 976 1224 continuandosinflammare
994 1171 1216 1222 animum
1236 1214 1247 1233 ‚
1273 1170 1332 1221 eo
1355 1167 1486 1241 quod
1503 1169 1686 1253 gravius

157 1247 315 1300 forte
305 1250 560 1300 immineat
577 1248 880 1319 periculum,
905 1249 936 1300 si
958 1249 1050 1302 ab
1041 1249 1093 1300 iis
1118 1247 1330 1319 expedire
1348 1264 1392 1298 te
1409 1265 1587 1319 coortes
1604 1280 1618 1301 ,
1636 1245 1685 1296 id

157 1325 318 1397 quod
308 1345 357 1377 in
374 1325 759 1410 expeditionibus
777 1326 955 1379 bellicis
973 1327 1241 1397 frequenter
1263 1323 1450 1378 accidit.
1477 1323 1684 1397 Negotia

157 1403 378 1473 quaedam
395 1403 544 1467 sunt,
536 1423 584 1455 in
605 1405 798 1475 quibus
819 1422 871 1455 ut
889 1404 1041 1457 redte
1029 1422 1136 1477 agas
1150 1439 1164 1459 ,
1182 1400 1362 1454 necesse
1380 1402 1475 1458 est,
1491 1419 1544 1452 ut
1561 1417 1686 1451 extra

156 1478 330 1531 limites
348 1480 558 1549 primum
574 1481 736 1545 abeas,
753 1481 858 1533 etsi
847 1501 895 1532 1n
911 1499 1083 1533 errores
1095 1480 1281 1552 aliquos
1294 1479 1386 1531 labi
1407 1478 1685 1550 contigerit3

156 1556 1685 1628 scutquibacuhnnincurvunanicontnnuuninflechtpaueni

157 1650 210 1685 ut
225 1638 378 1686 rectus
394 1634 573 1687 evadat.
609 1639 738 1687 Tum
753 1635 864 1687 vero
878 1635 976 1686 de
964 1636 1017 1686 iis
1035 1636 1329 1710 magnopere
1357 1633 1684 1686 laborandum

155 1729 262 1762 non
282 1711 375 1776 est,
392 1712 460 1762 uti
476 1730 569 1763 nec
581 1710 640 1762 de
659 1712 818 1777 cauffis
833 1710 1101 1762 eorundem
1120 1727 1228 1774 ‚aut
1243 1711 1414 1762 mediis
1430 1746 1445 1767 ,
1463 1731 1575 1763 cum
1593 1729 1683 1763 nec

153 1787 353 1857 justitiae,
367 1806 456 1840 nec
476 1787 708 1838 honestati
726 1787 790 1838 illi
807 1786 1141 1841 adversentur,
1171 1787 1219 1835 ὅ(
1237 1789 1411 1856 optimi
1439 1787 1554 1837 inde
1578 1787 1682 1857 spe-

156 1881 315 1916 rentur
331 1862 555 1916 effeems:
584 1863 670 1915 hac
684 1866 816 1915 enim
832 1865 1016 1914 ratione
1033 1860 1241 1930 prodesse
1259 1863 1498 1932 incipiunt
1512 1898 1525 1917 ‚
1543 1863 1591 1912 <Sc
1612 1864 1684 1914 di-

157 1938 1682 2013 {pofinonesponusadlffinerfflstequeagendunidssidebent,

156 2018 303 2089 quam
322 2037 506 2069 errores.
534 2019 618 2069 Alii
640 2037 745 2068 non
764 2017 845 2068 nisi
864 2017 1052 2090 magnis
1076 2017 1411 2070 immiscentur
1430 2018 1685 2070 conatibus

156 2094 486 2165 sapientiffime
503 2095 611 2146 alias
626 2095 995 2163 susceptis‚lmud
1014 2092 1220 2149 secus‚ac
1238 2094 1351 2144 rosae
1367 2093 1509 2162 spinis
1526 2095 1684 2147 invol-

157 2186 332 2226 vuntur
352 2217 364 2235 ‚
390 2187 443 2222 u't
460 2172 635 2243 absque
662 2170 849 2222 laesione
867 2187 1040 2221 manus
1057 2187 1130 2221 eas
1151 2171 1430 2244 contingere
1457 2188 1675 2242 nequeat.

159 2254 315 2321 Atque
329 2248 443 2300 illud
459 2247 569 2301 ideo
582 2249 769 2310 accidit,
786 2249 895 2319 quia
913 2247 1050 2298 rebus
1062 2246 1152 2299 fere
1170 2247 1403 2298 omnibus
1419 2285 1431 2307 ,
1460 2266 1563 2317 quae
1577 2248 1686 2318 qui·

160 2326 273 2378 dem
290 2327 346 2378 ad
367 2328 559 2378 bonum
578 2325 834 2376 universale
851 2340 1075 2394 putantur
1093 2324 1364 2375 conducere
1379 2368 1390 2386 ‚
1404 2324 1572 2395 aliquis
1588 2325 1683 2376 rni-

161 2404 311 2457 scetur
331 2421 452 2455 error
470 2403 609 2454 bono
632 2404 812 2472 privato
830 2403 1018 2454 noxius,
1047 2400 1539 2470 Rerumpublicarurn
1573 2420 1682 2453 cor-

159 2499 272 2552 pora
286 2479 469 2532 diversis
482 2478 704 2530 constant
721 2478 926 2548 partibus
945 2479 992 2526 &
1009 2477 1238 2546 oppositis
1255 2482 1374 2528 inter
1391 2477 1453 2539 se,
1469 2477 1604 2550 quod
1621 2477 1681 2533 ad

158 2556 406 2629 qualitates
421 2557 467 2605 ὅ(
486 2556 711 2608 humores
727 2556 909 2616 attinet3
925 2555 974 2602 δε
988 2553 1276 2609 remedium,
1291 2554 1426 2625 quod
1441 2555 1529 2606 toti
1545 2553 1683 2606 adhi-

160 2634 295 2687 betur
313 2634 513 2701 corpori,
530 2633 810 2702 plerumque
829 2631 971 2683 alicui
991 2647 1136 2682 nocet
1150 2629 1507 2701 partizadeoque
1522 2630 1685 2705 singu-

159 2710 239 2764 lari
257 2708 505 2781 prudentia
521 2727 641 2776 opus
656 2708 719 2758 est
733 2711 784 2759 in
804 2726 878 2770 ec,
897 2711 977 2779 qui
994 2706 1092 2758 aliis
1104 2708 1381 2776 irnperat,ut
1397 2707 1683 2761 detrimenta

157 2789 206 2839 &
239 2785 505 2839 commoda
535 2785 750 2837 conferat
781 2785 900 2836 inter
929 2785 975 2834 se
1000 2784 1050 2833 ὅ(
1083 2782 1344 2853 expendat,
1363 2802 1547 2857 magno
1563 2786 1681 2836 item

157 2865 326 2917 animo
350 2862 410 2915 ad
425 2860 759 2934 exequendum
777 2905 788 2925 ‚
817 2880 877 2913 ne
892 2860 1099 2912 'illorum
1115 2858 1238 2913 forte
1267 2877 1399 2912 metu
1416 2860 1513 2914 haec
1542 2859 1681 2932 plane:

158 2940 379 3018 negligat.

1512 3130 1688 3220 erss
