2394 3768
710 369 757 394 20
1058 348 1364 389 DlDACI
1453 346 1902 388 SAAVEDRAE

709 418 1116 491 pulchritudinem
1133 417 1309 487 absque
1322 416 1715 468 interiori'virtute
1732 414 1869 467 facile
1885 412 2013 486 posse
2031 411 2254 467 consiste-

709 516 772 549 rc.
813 496 961 549 Recte
992 493 1171 546 idcirco
1191 493 1465 564 Alphonsus
1485 496 1583 543 Rex
1616 493 1817 561 Principi
1834 510 2032 543 uxorem
2063 493 2254 543 formo-

463 593 477 623 r
496 592 573 624 sm.
590 592 678 626 cim.
711 575 738 624 s
734 593 810 625 arn
827 573 922 624 dari
939 571 1092 625 voluit
1110 592 1119 621 :
1158 572 1204 623 P
1211 590 1345 645 arque
1359 569 1421 622 los
1427 569 1534 646 fijos
1550 610 1563 633 ,
1576 589 1664 644 que
1678 568 1795 621 della
1809 571 1969 622 uviere
1986 613 1997 629 ‚
2015 568 2139 640 seran
2154 585 2258 619 mas

462 652 481 686 P
509 652 535 671 ²·
691 649 910 721 fermofos
927 694 938 714 ‚
955 669 979 701 e
994 667 1098 700 mas
1111 648 1307 724 aptaestos
1319 667 1335 712 ,·
1357 645 1398 699 lo
1411 667 1499 722 que
1515 649 1734 700 conviene
1746 644 1905 698 macho
1918 666 1947 696 a
1963 643 2025 697 los
2030 643 2074 717 fi
2069 646 2141 719 jos
2156 645 2259 700 de)

462 969 504 1000 D.
527 965 622 1001 Amb.
645 977 674 999 2.

460 1018 499 1049 εἶς’
511 1017 589 1064 virg.

469 1824 613 1869 Psal.44.
633 1834 686 1868 14.

470 2519 565 2553 Cant.
578 2532 645 2568 cap.
660 2532 691 2562 7.

470 2579 501 2609 7.

705 724 770 778 los
782 728 947 801 Karyas,
961 745 1049 801 que
1048 725 1161 798 stan
1177 722 1308 781 tales,
1320 743 1408 800 que
1417 741 1651 800 parezcan
1663 721 1764 776 bien
1781 737 1902 776 entre
1917 721 1978 774 los
1994 738 2105 774 σίνος
2119 738 2255 773 omos.

708 803 978 856 Multarum
995 802 1351 855 Lacedaemonii
1370 806 1553 876 Regem
1572 801 1714 854 suum
1733 799 2078 852 Arcbiadinum
2094 844 2106 862 ‚
2124 799 2259 871 quod

708 900 911 934 uxorem
923 878 1119 933 duxiffet
1143 879 1387 951 parvulam
1404 914 1420 936 ,
1457 878 1770 952 quantumvis
1785 897 1889 929 non
1908 875 2097 948 illepide
2112 896 2257 929 excu—

711 958 843 1022 saret,
858 957 882 1009 ὲ
896 958 1037 1011 malis
1051 956 1242 1010 duobus
1261 958 1423 1010 minus
1443 956 1470 1008 s
1463 977 1488 1008 e
1503 955 1702 1029 elegisse.
1733 957 1909 1031 Species
1925 953 2259 1031 corporzisstmu-

708 1034 949 1109 laciumest
965 1039 1134 1089 mentis
1145 1071 1160 1091 2
1202 1031 1665 1111 guraiqueprobitzztis.
1712 1032 1900 1084 Accidit
1930 1048 2094 1084 tamen
2125 1050 2262 1083 non-

712 1130 1045 1187 nunquam‚ut
1059 1130 1230 1164 natura
1247 1112 1549 1165 exterioribus
1566 1113 1751 1163 intenta
1775 1110 2165 1180 perfectionibus,
2183 1114 2262 1160 in—

714 1194 941 1245 teriorum
958 1236 970 1256 ‚
985 1210 1089 1263 quae
1106 1194 1311 1262 potiores
1328 1190 1355 1241 s
1351 1211 1378 1241 u
1387 1208 1439 1243 nt
1454 1235 1465 1253 ,
1483 1189 1802 1243 obliviscatur.
1862 1191 1994 1240 Petro
2010 1187 2183 1240 crudeli
2201 1185 2262 1238 sic

713 1271 803 1323 usu
818 1271 974 1326 venit,
994 1271 1125 1337 cujus
1143 1270 1398 1342 ingenium
1416 1269 1544 1320 ferox
1560 1269 1611 1317 δε
1630 1266 1845 1336 asperum
1864 1265 1951 1317 sub
1965 1264 2093 1340 grata
2105 1266 2197 1317 oris
2211 1266 2262 1315 &

717 1350 925 1419 corporis
940 1347 1336 1400 conformatione
1350 1345 1519 1397 eadem
1536 1347 1717 1395 Natura
1736 1341 1993 1395 abdiderat.
2040 1343 2265 1413 Superbia

716 1427 766 1477 &
784 1427 950 1477 formae
976 1425 1198 1493 jaetantia
1228 1422 1362 1475 facile
1381 1424 1613 1474 virtutum
1645 1438 1816 1473 nervos
1831 1419 2035 1483 elidunt,
2049 1420 2265 1492 adeoque

717 1500 990 1557 cavendum
1006 1502 1208 1571 Principi
1224 1499 1394 1552 sedulo
1406 1542 1417 1561 ‚
1440 1519 1503 1553 ne
1515 1498 1810 1554 venustatem
1829 1497 2113 1550 muliebrem
2126 1500 2176 1548 ὅ(
2191 1497 2266 1549 af-

716 1581 943 1635 feetatam
961 1623 973 1644 ‚
1011 1576 1173 1630 alienae
1189 1577 1385 1632 lasciviae
1400 1578 1777 1630 incitamentum
1797 1619 1809 1638 ,
1827 1576 2156 1639 consectetur3
2183 1574 2265 1626 1ed

715 1677 823 1712 eam
843 1703 856 1723 ‚
891 1676 995 1730 quae
1009 1674 1137 1709 veras
1155 1656 1306 1708 animi
1321 1656 1513 1710 virtutes
1538 1653 1761 1707 comitari
1778 1651 1900 1705 solet
1916 1675 1926 1703 :
1944 1672 2102 1725 neque
2129 1655 2265 1705 enim

717 1753 916 1790 ornatus
933 1734 1105 1787 animae
1123 1732 1149 1786 a
1173 1734 1384 1804 corporis
1410 1728 1794 1804 pulchritudine5
1834 1729 1915 1782 sed
1933 1729 2101 1783 contra
2126 1730 2266 1800 hujus

718 1813 862 1866 decor
876 1811 936 1865 ab
949 1811 1076 1865 illius
1089 1811 1390 1863 ornamentis
1405 1808 1637 1881 proficisci
1655 1807 1810 1862 debet.
1829 1809 2000 1860 Omnis
2002 1806 2148 1881 gloria
2163 1809 2266 1882 ejus

716 1889 774 1943 ab
789 1886 1180 1962 intusinfimbriis
1194 1891 1355 1940 aureis.
1380 1888 1579 1940 Interior
1602 1887 1774 1940 animae
1787 1886 2013 1956 postitio
2029 1929 2041 1949 ‚
2060 1905 2167 1937 non
2185 1905 2264 1937 ex-

719 1969 857 2023 terior
874 1966 1131 2039 spectanda
1148 1967 1198 2017 in
1219 1966 1446 2036 Principe,
1464 1982 1518 2016 ut
1535 1964 1659 2017 bene
1686 1964 1823 2033 Reip.
1838 1961 1981 2033 praefit
1993 1990 2006 2025 5
2034 1963 2143 2015 licet
2161 1982 2266 2015 ma·

720 2065 823 2121 gno
837 2061 1132 2097 ornamento
1148 2043 1362 2095 futurum
1382 2043 1433 2094 fit
1447 2087 1458 2107 ‚
1495 2042 1526 2094 sr
1539 2040 1620 2093 illa
1632 2041 1830 2112 utrAque
1847 2039 2023 2111 polleat
2043 2042 2144 2092 :Sic
2161 2039 2264 2092 Pal-

722 2141 812 2174 mae
828 2121 1069 2196 singularis
1081 2120 1181 2172 laus
1198 2119 1389 2183 est,tum
1409 2120 1553 2190 stirpis
1568 2120 1617 2169 ὅ(
1634 2118 1886 2171 frondium
1902 2117 2262 2191 elegantiarum

722 2201 920 2252 suavitas
932 2198 1250 2261 fruetuum&
1264 2197 1362 2249 aliae
1372 2200 1469 2267 ejus
1483 2197 1732 2268 qualitates
1745 2197 1946 2247 eximiae:
1963 2213 2116 2248 tantas
2128 2199 2264 2249 enim

723 2281 860 2330 arbor
883 2276 964 2329 illa
979 2274 1036 2327 ad
1053 2294 1255 2328 commu
1265 2294 1344 2327 nes
1360 2275 1624 2327 hominum
1654 2273 1763 2325 usus
1778 2272 1912 2326 affert
1927 2272 2150 2327 utilitates
2168 2319 2180 2338 ‚
2209 2290 2263 2325 ut

722 2353 974 2407 Plutarcho
1002 2353 1113 2404 teste
1126 2398 1138 2417 ‚
1175 2352 1432 2424 Babylonii
1458 2368 1688 2405 trecentas
1714 2353 1766 2402 &
1779 2351 2020 2425 sexaginta
2047 2352 2152 2421 ejus
2146 2351 2262 2403 dem

721 2433 912 2486 virtutes
928 2449 1230 2484 enumerent.
1269 2433 1355 2482 Eas
1371 2475 1384 2494 ‚
1416 2429 1561 2483 credo
1581 2474 1593 2493 ,
1624 2429 1786 2481 innuit
1817 2427 2058 2481 blandum
2073 2428 2263 2481 caelestis

722 2507 892 2581 Sponfi
908 2507 1181 2581 alloquium
1195 2530 1206 2557 .-
1223 2509 1408 2560 Statum
1424 2520 1507 2560 tua
1520 2504 1776 2576 affimilasta
1789 2503 2034 2581 estpalmae.
2053 2507 2110 2557 Iis
2125 2514 2261 2560 enim

722 2586 872 2640 verbis
888 2604 993 2637 non
1008 2584 1162 2639 solam
1178 2584 1387 2656 corporis
1409 2586 1624 2637 formam
1637 2585 1689 2636 in
1705 2585 1875 2654 sponsa
1890 2581 2159 2636 collaudare
2176 2604 2260 2638 νο-

721 2664 826 2728 luit,
839 2661 917 2716 sed
930 2663 982 2713 ὅ(
996 2663 1168 2716 animae
1180 2662 1317 2714 dotes
1333 2680 1410 2732 per
1423 2661 1640 2732 palmam
1653 2659 1951 2735 significatas,
1966 2662 2141 2733 quippe
2155 2681 2260 2735 quae

718 2742 897 2814 justitiae
912 2741 963 2790 ὅ(
977 2739 1273 2794 fortitudinis
1295 2739 1360 2792 est
1379 2739 1702 2811 Symbolum5
1743 2738 1922 2809 justitiae
1935 2739 2134 2811 quidem
2149 2759 2260 2810 pro-

720 2835 818 2892 pter
831 2816 1083 2872 frondium
1097 2816 1415 2891 aequilibrium
1432 2845 1445 2880 3
1461 2815 1757 2869 fortitudinis
1769 2815 1880 2870 vero
1893 2833 2079 2887 propter
2097 2817 2257 2869 admi-

718 2896 864 2950 rabile
877 2913 1126 2948 ramorum
1142 2894 1388 2967 robur‚qui
1403 2893 1504 2966 quo
1520 2892 1672 2967 magis
1684 2910 1935 2968 gravantur
1945 2892 2257 2965 ponderibuS,

717 2973 777 3027 eo
790 2970 986 3029 validius
1001 2974 1053 3025 in
1069 2972 1275 3026 sublime
1290 2974 1510 3024 nituntur
1531 2999 1545 3035 5
1579 2970 1708 3022 addo
1720 2973 1770 3023 ὃς
1785 2972 1989 3023 νίόὶοῐίεε
2000 2971 2088 3022 esse
2102 2969 2256 3025 hiero·-

716 3050 1019 3127 glyphicum,
1036 3049 1170 3124 quod
1184 3070 1240 3103 ex
1253 3048 1305 3102 ea
1318 3049 1482 3102 arbore
1497 3048 1703 3100 solerent
1717 3050 1951 3113 coronari,
1965 3050 2045 3121 qui
2061 3050 2113 3100 in
2131 3051 2255 3102 anti-

716 3148 931 3204 quorum
945 3127 1072 3181 ludis
1084 3130 1134 3179 &
1150 3126 1489 3182 certaminibus
1501 3127 1702 3181 vidtores
1717 3126 1881 3182 effent.
1903 3126 2079 3179 Similis
2092 3125 2252 3180 honor

2042 3203 2254 3276 cuprcffo
