2394 3768
466 1112 611 1150 Curtius.

469 2199 546 2236 Lib.
557 2200 690 2246 13.tit.5.

714 361 766 388 22
1059 336 1363 382 DIDACI
1444 336 1896 376 SAAVEDRAE

714 433 827 466 cum
845 405 1085 463 industria,
1101 423 1216 458 cum
1229 407 1530 468 virtute,eum
1547 402 1735 455 excelso
1750 403 1800 452 ὅ(
1816 402 1928 455 forti
1945 404 2111 458 animo
2129 420 2252 457 con·

711 493 876 561 juncta
889 488 1032 536 erant!

818 570 873 620 5.
913 559 1098 613 Verum
1124 557 1338 611 exercitia
1363 556 1443 609 ista
1473 555 1641 608 melius
1667 556 1719 609 in
1745 556 1967 609 societate
1998 559 2047 607 ὅ(
2069 574 2250 611 contu-

713 642 882 695 bernio
904 637 1211 690 addiscuntur
1226 678 1239 698 ,
1253 635 1337 687 ubi
1351 633 1594 686 aemulatio
1607 633 1825 686 incendit
1840 635 2062 689 animum
2082 679 2094 699 ‚
2111 636 2254 686 &in-

715 717 940 770 dustriam
956 710 1490 778 excitat.Quamobrem
1508 714 1660 786 Reges
1674 710 1822 762 Gothi
1838 712 1886 761 N
1891 711 2152 764 obiliorum
2165 713 2255 764 Hi-

716 796 887 867 spaniae
917 793 1041 845 filios
1057 792 1107 843 in
1125 791 1217 842 suis
1231 787 1503 841 educabant
1528 789 1646 840 aulis
1661 824 1676 845 ,
1709 807 1815 840 non
1831 789 1890 840 eo
1902 787 2061 841 solum
2081 834 2093 853 ‚
2115 806 2168 841 ut
2191 788 2261 841 fa-

717 873 869 925 milias
884 872 1004 942 ipsas
1022 867 1190 922 aretius
1202 866 1284 919 fibi
1302 865 1653 940 obstringerent
1669 911 1680 930 ,
1700 864 1780 918 sed
1797 868 1942 918 etiarn
1958 883 2011 918 ut
2023 867 2121 919 una
2140 885 2256 920 cum

717 950 883 1003 iisdem
901 948 1070 1019 proprii
1086 947 1300 1016 ipsorum
1317 943 1399 996 filii
1413 944 1731 996 formarentur
1747 989 1760 1009 ‚
1771 944 1822 994 &
1838 943 2129 996 honestiores
2144 961 2260 997 artes

718 1027 1026 1080 addiscerent.
1073 1024 1210 1075 Idem
1237 1020 1575 1074 Macedonum
1603 1024 1755 1095 Reges
1771 1021 1980 1073 factitare
2000 1022 2264 1074 consueve-

717 1122 823 1158 rant
838 1149 849 1166 ‚
871 1102 995 1173 apud
1013 1120 1138 1173 quos
1155 1098 1236 1152 hac
1248 1096 1391 1152 cohors
1404 1097 1537 1150 velut
1558 1101 1856 1172 seminarium
1871 1098 2065 1151 Ducum
2079 1133 2094 1155 >
2136 1100 2182 1152 P
2187 1118 2262 1151 rx-

703 1178 1025 1257 ftHorquue
1040 1178 1154 1253 fuit.
1215 1177 1319 1240 Qui
1347 1176 1597 1228 laudabilis
1633 1195 1743 1228 mos
1774 1195 1853 1228 aut
1879 1177 1929 1228 in
1959 1176 2262 1230 oblivionem

719 1261 849 1323 abiit,
862 1275 940 1310 aut
959 1257 1078 1308 certe
1094 1257 1144 1307 in
1162 1256 1312 1325 pretio
1328 1253 1557 1305 haetenus
1574 1272 1680 1304 non
1698 1255 1787 1307 fuit
1800 1256 1852 1305 in
1868 1253 1969 1306 aula
1995 1254 2264 1325 Hispanica,

720 1336 834 1390 cum
847 1334 1137 1406 aptissimum
1152 1332 1263 1384 alias
1280 1331 1330 1385 {it
1347 1330 1566 1381 medium
1580 1330 1883 1384 devinciendi
1898 1330 1980 1382 fibi
1995 1347 2265 1385 exterorum

719 1415 997 1482 Principum
1013 1412 1221 1473 animm,
1234 1407 1500 1460 istiusmodi
1518 1408 1755 1460 instituere
1773 1408 2018 1460 seminaria
2039 1452 2052 1472 ,
2084 1408 2142 1460 ad
2160 1429 2266 1483 quae

722 1490 905 1544 evocati
921 1505 1188 1540 exterorum
1211 1486 1482 1554 Principum
1502 1484 1652 1547 filhan
1670 1486 1844 1537 artibus
1860 1487 1911 1536 <Sc
1926 1488 2149 1538 exercitiis
2164 1493 2267 1542 viro

721 1567 932 1639 principe
948 1564 1106 1636 dignis
1118 1562 1491 1615 instruanturAEx
1506 1581 1607 1633 quo
1621 1562 1743 1613 illud
1759 1564 1901 1616 etiam
1917 1563 2111 1615 oriretur
2125 1585 2267 1618 com-

721 1644 879 1708 modi,
896 1628 1030 1715 quod
1045 1644 1238 1714 Regum
1259 1639 1341 1691 filii
1356 1637 1529 1690 sensim
1545 1638 1642 1690 fine
1661 1640 1801 1705 sensu
1819 1639 2035 1693 moribus
2051 1641 2100 1690 ὃς
2115 1643 2269 1717 ζιζεῃίο

722 1723 986 1775 nationum
1002 1717 1308 1771 assuescerent
1328 1760 1340 1780 ‚
1353 1714 1679 1788 haberentque
1695 1718 1819 1768 exiis
1833 1736 1938 1770 non
1951 1735 2128 1786 paucos
2142 1765 2153 1785 ‚
2179 1722 2264 1792 qui

722 1799 947 1873 singulari
963 1816 1078 1849 cum
1095 1793 1271 1848 affeetu
1289 1839 1301 1859 ‚
1329 1794 1442 1846 &in
1460 1797 1659 1868 gratiam
1674 1810 1774 1845 tam
1791 1793 1934 1849 bonae
1950 1793 2265 1850 institutionis

722 1875 915 1932 viciffim
931 1873 1195 1944 praestarent
1218 1872 1524 1944 obsequium.

833 1959 886 2012 §-
912 1951 985 2003 Ad
1002 1970 1115 2003 eum
1133 1949 1285 2002 finem
1301 1950 1404 2002 Rex
1421 1947 1695 2020 Alphonsus
1709 1948 1866 2002 dietus
1880 1948 2062 2023 sapiens
2077 1951 2129 2003 in
2141 1952 2268 2023 opti-

723 2031 819 2084 mis
850 2030 941 2082 suis
973 2028 1159 2101 legibus
1189 2027 1392 2101 longam
1423 2028 1626 2098 praetexit
1654 2027 1820 2079 seriem
1849 2045 2014 2081 earum
2029 2030 2200 2082 artium
2217 2030 2269 2080 &

724 2109 1045 2163 functionum
1062 2150 1074 2169 ,
1102 2106 1151 2156 in
1171 2105 1346 2176 quibus
1364 2107 1553 2179 Regum
1573 2104 1697 2156 filios
1715 2106 1909 2156 exerceri
1925 2105 2132 2158 maxime
2149 2125 2272 2159 con-

723 2186 871 2241 venit.
888 2183 1042 2236 Verba
1054 2183 1149 2252 ipsa
1167 2183 1367 2251 subjicio
1384 2204 1392 2231 :
1409 2179 1789 2257 eAprenderdebe
1802 2180 1849 2234 el
1858 2183 1961 2258 Κεφ
1974 2198 2094 2235 otras
2110 2203 2274 2236 mane·

721 2284 815 2326 ras,
836 2261 905 2331 fin
920 2260 990 2313 las
1004 2279 1091 2334 que
1106 2258 1305 2312 diximos
1320 2278 1376 2311 en
1386 2258 1458 2310 las
1476 2257 1723 2335 leyesama
1737 2258 1861 2332 desta
1877 2295 1892 2315 ,
1906 2280 1994 2335 que
2006 2263 2270 2314 convient-1

724 2337 903 2393 mucho.
923 2336 1144 2410 Estasfon
1158 2356 1212 2388 en
1225 2336 1304 2388 dos
1320 2355 1531 2389 maneras
1549 2358 1565 2386 .·
1583 2334 1653 2387 las
1664 2354 1785 2388 unas
1798 2372 1812 2392 ‚
1830 2355 1918 2409 que
1932 2337 2066 2390 taien
2083 2357 2139 2389 en
2143 2336 2273 2410 fecho

724 2416 782 2470 de
791 2430 1064 2490 armaspam
1076 2412 1291 2487 ayudarse
1302 2411 1441 2465 dellas
1454 2413 1637 2487 quando
1653 2413 2014 2487 menesterfuere:
2029 2435 2052 2466 e
2065 2413 2135 2466 las
2149 2428 2271 2468 otras

720 2510 831 2570 pam
849 2489 1114 2563 aversabor,
1132 2511 1153 2542 e
1160 2489 1326 2565 placer,
1350 2510 1428 2543 con
1443 2489 1686 2565 quepueda
1698 2489 2044 2564 mejorsoftirlos
2055 2489 2267 2566 trabajos‚

727 2591 752 2622 e
763 2568 826 2622 los
832 2570 1004 2644 pesares
1018 2603 1033 2624 ‚
1049 2567 1235 2640 quando
1245 2565 1307 2619 los
1322 2571 1487 2620 oviere.
1534 2567 1603 2641 [a
1619 2587 1671 2619 en
1671 2565 1803 2641 fecho
1815 2566 1872 2619 de
1885 2566 2157 2622 cavallerias
2170 2588 2277 2621 con-

730 2649 871 2700 viem
882 2680 899 2701 ,
914 2642 1282 2720 questasabidor
1297 2689 1308 2709 ‚
1316 2660 1426 2720 para
1433 2644 1575 2720 poder
1585 2644 2117 2721 mey'ommpamrlofhyo,
2133 2665 2158 2698 e
2171 2665 2276 2698 con·

730 2720 929 2798 querirlo
943 2721 999 2773 de
1011 2719 1073 2773 los
1089 2724 1324 2795 enengos.
1354 2724 1405 2775 E
1421 2721 1615 2799 porende
1640 2717 1747 2772 debe
1767 2718 1900 2792 faber
1913 2722 2131 2775 cavalcar
2152 2720 2273 2779 bien,

732 2820 757 2851 e
772 2799 1100 2875 apuestemente
1112 2833 1128 2853 ,
1158 2819 1182 2851 e
1195 2802 1299 2872 usar
1320 2798 1427 2850 toda
1454 2817 1637 2851 manera
1652 2797 1709 2849 de
1722 2817 1879 2850 armas
1896 2832 1912 2854 ‚
1940 2797 2144 2852 tambien
2170 2799 2274 2856 de,

733 2874 935 2950 aquellas
950 2911 966 2932 ‚
997 2894 1084 2949 que
1097 2896 1127 2926 a
1142 2875 1198 2928 de
1213 2876 1358 2949 vcstir
1370 2890 1479 2950 pam
1499 2873 1708 2949 guardar
1720 2876 1779 2946 su
1791 2890 1942 2950 cumpo
1953 2910 1969 2931 ‚
1999 2895 2121 2928 como
2132 2875 2189 2929 cle
2202 2876 2275 2928 las

736 2967 873 3016 otras,
886 2972 964 3004 con
976 2952 1114 3027 quefi’
1128 2974 1158 3004 a
1173 2951 1230 3004 de
1244 2952 1432 3021 ayudar.
1457 2953 1508 3004 E
1516 2950 1718 3026 aquellas‘
1727 2971 1813 3026 que
1821 2953 1900 3023 son
1908 2953 2269 3028 paraguardaeo,

735 3050 766 3081 a
780 3031 848 3082 las
863 3029 920 3085 de
934 3043 1076 3084 trater,
1102 3049 1125 3081 e
1137 3031 1253 3102 offar,
1260 3045 1376 3105 para
1385 3027 1590 3104 poderlcis
1601 3047 1754 3097 meyor
1766 3027 1901 3102 sofiir
1911 3028 2134 3103 ,quando
2150 3030 2277 3101 fuere

736 3107 952 3181 mencster
964 3141 979 3164 ,
995 3105 1052 3159 de
1066 3125 1257 3159 manera
1269 3142 1284 3163 ‚
1309 3126 1397 3182 que
1404 3121 1489 3179 por
1513 3108 1864 3179 agravamiento
1875 3105 2013 3158 dellas
2025 3126 2083 3158 no
2097 3126 2207 3181 caya
2218 3128 2274 3161 en

2098 3182 2276 3259 peligro,
