2394 3768
417 345 827 388 sYMssoLA
901 347 1341 389 POLrTch.
1598 360 1649 403 41

17 442 21 451 ·
68 482 72 485 ι
110 416 306 490 quidem
326 414 409 469 sibi
422 415 612 470 reddere
627 416 913 472 benevolam
925 453 943 474 ‚
961 419 1074 473 huic
1089 419 1199 474 vero
1213 417 1469 492 caliginem
1484 417 1653 472 offun-

109 496 215 547 dere
234 494 467 569 satagunt.
508 495 695 547 Habeat
709 498 848 570 igitur
881 498 1095 568 Princeps
1122 498 1378 568 perspedtas
1394 513 1508 549 artes
1520 497 1623 550 istas
1637 541 1651 561 ‚

110 588 252 644 atque
268 589 417 625 armet
431 573 476 624 se
491 573 542 624 in
557 574 756 626 affetftus
770 574 881 624 suos
897 577 1108 645 proprios
1124 593 1228 626 non
1243 572 1420 638 solum,
1432 574 1512 627 sed
1535 575 1583 624 ὅ(
1596 575 1650 626 in

110 669 192 701 eos
204 668 396 715 omneS,
411 651 493 723 qui
505 650 675 703 iisdem
690 650 749 704 ad
764 652 1112 724 occupandum
1131 651 1269 723 ipfius
1280 652 1503 704 animum
1518 652 1650 706 abuti

107 727 359 782 voluerint.

217 810 271 862 §-
303 808 490 878 Magna
519 803 598 857 hic
628 804 789 877 paslim
818 806 998 858 incuria
1012 808 1062 859 in
1083 804 1441 878 componendis
1474 806 1654 859 Princi-

110 901 227 954 pum
247 883 433 933 animis.
467 883 650 936 Herbas
666 883 857 936 inutiles
883 885 934 935 δε
953 885 1272 958 infrugiferas,
1305 902 1409 956 quae
1436 883 1653 958 frugibus

108 959 458 1015 immiscentur,
472 959 691 1012 radicitus
710 980 824 1012 cum
840 977 1056 1032 tempore
1071 961 1321 1014 evellimus
1338 989 1351 1026 5
1377 962 1428 1012 ὅ(
1445 961 1651 1014 succres-

110 1056 211 1089 cere
228 1036 427 1091 sinimus
450 1035 647 1089 affectus
673 1056 837 1109 pravos
856 1058 911 1091 ac
925 1038 1152 1109 passiones
1171 1081 1184 1101 ,
1212 1057 1316 1110 quae
1331 1039 1505 1090 rationi
1527 1035 1653 1090 bella

108 1113 566 1167 movent.Curando
586 1116 857 1186 Principum
871 1117 1055 1186 corpori
1069 1116 1238 1167 Caleni
1257 1115 1529 1187 complures
1541 1134 1653 1186 prae-

108 1191 180 1244 sto
193 1192 303 1243 sunt
318 1237 329 1255 ,
345 1193 515 1243 animo
529 1191 643 1263 saepe
664 1193 738 1245 vix
753 1211 879 1244 unus
903 1194 1173 1263 Epictetus5
1201 1212 1357 1265 neque
1374 1210 1541 1245 tamen
1556 1193 1652 1244 mi-

109 1288 249 1322 nores
266 1269 361 1340 pati
377 1268 675 1321 infirmitates
691 1271 728 1321 is
741 1269 876 1324 solet,
895 1270 1043 1342 quam
1063 1289 1249 1340 corpus,
1262 1273 1381 1342 quin
1397 1269 1535 1322 tanto
1546 1288 1654 1344 gra·

107 1347 274 1410 vioreS,
289 1347 476 1418 quanto
487 1345 584 1400 hoc
597 1346 678 1399 ille
693 1346 995 1415 praestantior.
1012 1349 1057 1399 Si
1070 1348 1306 1401 vultusilli
1324 1347 1430 1399 effer
1445 1349 1654 1418 aspecta-

109 1423 216 1476 bilis
232 1423 386 1475 oculis
401 1459 417 1479 ‚
452 1424 503 1474 in
528 1443 629 1495 quo
643 1423 876 1475 malarum
890 1422 1207 1475 affedtionum
1233 1425 1535 1493 intemperies
1556 1422 1651 1474 sese

109 1499 258 1570 poffet
274 1499 483 1570 prodere,
498 1501 767 1552 multorum
781 1499 892 1550 sane
909 1498 1181 1549 doleremus
1197 1501 1319 1550 vices
1331 1517 1348 1562 ,*
1366 1518 1490 1570 quos
1505 1499 1651 1550 febri-

109 1578 163 1630 lis
177 1577 256 1628 ille
285 1578 576 1647 appetituum
594 1576 728 1626 aestus
757 1575 820 1628 fic
837 1573 1302 1645 miseredepascitur3
1327 1576 1520 1627 interim
1539 1575 1651 1646 quia

110 1655 353 1722 aspectum
364 1654 559 1725 fugiunt
576 1695 588 1714 ,
602 1651 758 1703 felices
774 1671 857 1704 eos
873 1652 1165 1705 arbitramur.
1189 1654 1367 1727 Neque
1371 1650 1535 1726 frustra
1542 1668 1650 1729 prae-

95 1726 981 1804 stantzssimussdpicntiaefirmarefolitus
994 1732 1060 1781 essi
1072 1749 1088 1793 ,·
1087 1729 1133 1801 st
1143 1726 1433 1782 recludantur
1439 1744 1653 1798 tyranno-

105 1826 206 1859 mm
224 1819 397 1857 mentes
409 1832 425 1862 3
445 1803 558 1881 poffi’
568 1804 697 1881 aspici
715 1803 930 1859 [animus
944 1810 1012 1865 Εἴ
1028 1808 1148 1860 istus
1163 1810 1191 1870 ,³
1211 1805 1395 1881 quando
1409 1843 1424 1863 ‚
1439 1820 1491 1858 ut
1504 1822 1654 1882 corpo-

107 1905 151 1936 m
164 1880 440 1946 verberzbm,
452 1880 720 1955 itasaevitid‚
732 1880 918 1937 libidine
931 1928 944 1947 ,
958 1882 1094 1936 malis
1110 1882 1318 1956 consultis
1330 1886 1519 1937 animm
1529 1883 1655 1938 dila-

109 1973 292 2013 ceratur.
330 1960 418 2012 Pro
439 1965 447 2012 !
480 1962 670 2032 quantis
685 1980 789 2012 non
805 1961 1041 2031 ejusmodi
1060 1962 1250 2014 animus
1262 1963 1459 2030 jactatur
1477 1977 1656 2029 pertur-

107 2039 364 2091 bationum
382 2038 736 2109 tempestatibus
749 2042 758 2089 1
773 2038 852 2090 lux
864 2040 1028 2091 omnis
1043 2083 1055 2102 ‚
1073 2058 1211 2091 mens
1232 2041 1275 2091 ἅ
1297 2040 1417 2090 ratio
1434 2038 1499 2090 illi
1515 2040 1655 2110 eripi-

106 2134 206 2179 tur,
229 2133 282 2166 ut
306 2116 455 2190 longe
482 2116 638 2178 aliter,
656 2135 710 2168 ac
725 2116 876 2170 revera
892 2117 1002 2168 sunt
1018 2118 1066 2167 in
1083 2118 1151 2181 se,
1183 2133 1433 2188 appareant
1464 2118 1651 2169 omnia.

107 2195 239 2247 Hinc
257 2194 688 2264 tantajudiciorum
702 2195 752 2244 &
778 2195 1076 2264 opinionum
1092 2196 1304 2256 varietas,
1335 2194 1449 2245 hinc
1470 2192 1654 2264 oppido

109 2277 243 2343 pauci
256 2272 346 2323 suis
359 2270 482 2323 recte
498 2272 762 2323 momentis
780 2271 1052 2343 ponderant
1069 2270 1250 2345 lingula
1269 2316 1281 2335 ,
1308 2270 1387 2323 sed
1402 2290 1488 2340 pro
1504 2272 1654 2323 lumi-

110 2351 181 2400 nis
195 2348 370 2402 accessu
385 2348 459 2402 vel
474 2346 643 2401 receffu
659 2347 972 2402 diverfimode
985 2349 1237 2401 aestimant.
1248 2351 1442 2419 Nempe
1457 2367 1570 2401 cum
1587 2348 1655 2400 af-

109 2427 308 2479 fectibus
325 2425 518 2496 perinde
536 2426 581 2477 se
608 2445 675 2477 res
693 2425 832 2479 habet
848 2471 859 2490 ‚
891 2446 947 2478 ac
959 2446 1073 2479 cum
1088 2426 1214 2479 tubis
1228 2429 1424 2498 opticis‚
1456 2426 1536 2497 qui
1556 2423 1654 2477 unii

110 2523 163 2555 ex
178 2520 298 2571 parte
327 2503 630 2572 objectorum
652 2521 827 2577 augent
855 2504 1244 2577 magnitudinem
1263 2549 1276 2567 ‚
1317 2521 1372 2554 ex
1396 2501 1532 2555 altera
1560 2503 1658 2553 mi—

111 2596 284 2632 nuunt.
300 2581 486 2633 Eaedem
504 2579 642 2650 plane
657 2579 853 2650 crystalli
870 2581 1001 2642 sunt,
1018 2599 1086 2632 res
1103 2581 1207 2633 visae
1223 2578 1437 2632 omnino
1452 2578 1651 2630 eaedem:

109 2656 204 2709 hoc
222 2674 384 2709 tamen
401 2657 648 2710 discrimen
669 2658 733 2709 est
749 2700 761 2719 ‚
791 2656 925 2728 quod
951 2657 1217 2709 incidentes
1230 2658 1280 2708 in
1305 2675 1454 2708 unam
1468 2673 1652 2724 partem

110 2735 283 2805 species
298 2780 310 2798 ,
335 2735 383 2785 ὃ(
398 2735 502 2786 radii
518 2735 714 2789 visuales
734 2735 759 2787 a
778 2753 944 2786 centro
962 2733 1020 2785 ad
1039 2732 1418 2786 circumferentia
1435 2731 1653 2784 deriven-

109 2830 184 2863 tur
200 2847 216 2868 ‚
232 2812 363 2863 unde
381 2812 529 2885 magis
546 2811 639 2864 sele
661 2812 950 2864 diffundunt
973 2813 1024 2861 δε
1053 2811 1407 2881 multiplicant5
1431 2828 1485 2861 ex
1516 2808 1652 2862 altera

111 2887 278 2941 contra
297 2888 321 2940 ὲ
340 2889 716 2942 circumferentia
730 2889 1025 2962 colliguntur
1041 2887 1098 2940 ad
1119 2905 1358 2951 centrum,
1375 2907 1429 2939 ac
1446 2886 1652 2957 proinde

111 2986 179 3018 res
194 2967 307 3019 visas
319 2966 444 3018 haud
461 2966 618 3036 paullo
633 2969 843 3020 minores
859 2964 1085 3019 offerunt.
1098 2971 1315 3019 Tantum
1332 2966 1454 3017 inter
1467 2982 1654 3016 utrum-

109 3063 203 3117 que
217 3043 407 3096 videndi
425 3043 634 3095 modum
649 3044 851 3096 interest.
867 3043 1053 3096 Eodem
1070 3044 1254 3114 prorsus
1270 3060 1488 3113 ternpore
1502 3045 1651 3112 (tarn-

111 3119 188 3173 etsi
203 3121 253 3172 in
272 3122 425 3196 regnis
439 3120 653 3190 diversis)
686 3124 737 3174 in
754 3140 989 3174 coronam
1007 3123 1180 3196 regiam
1200 3166 1211 3186 ‚
1242 3123 1291 3174 ὃς
1309 3117 1652 3174 succeffionem

847 3203 894 3250 D
934 3219 953 3255 3
1501 3212 1653 3267 pater·³

1683 1653 1790 1691 Tacit.
1803 1659 1901 1697 Iib.6'.

1683 1704 1802 1743 Annal-

1686 3061 1769 3095 Mar.
1794 3062 1867 3099 hist.

1689 3109 1782 3156 Hisp.
1792 3112 1866 3146 liba
1879 3124 1908 3156 3-

1685 3169 1753 3205 cap.
1774 3171 1825 3198 m.
