2394 3768
709 346 789 385 574
1077 327 1386 366 DIDACI
1444 326 1890 367 SAAVEDRAE

704 396 960 450 manifesto
975 413 1222 446 armorum
1237 411 1471 466 exponere
1487 394 1718 464 periculo,
1737 392 1850 448 curn
1865 395 1999 449 nulla
2015 395 2237 452 humano

705 473 903 545 quidem
922 471 1102 540 judicio
1119 470 1241 524 adeo
1259 488 1382 525 certa
1408 471 1552 527 videri
1570 474 1706 544 polht
1721 517 1733 536 ,
1758 474 1880 545 quin
1907 475 2039 529 variis
2055 475 2237 530 cafibus

705 551 756 601 sit
772 550 1003 602 obnoxia.

779 634 833 686 §-
848 631 903 679 In
922 627 1209 698 conjecturis
1224 625 1282 678 ad
1299 624 1539 679 eludenda
1556 626 1985 701 confilia‚artt':sque
2000 627 2232 685 hostium,

704 722 807 757 non
827 705 1145 776 spectandum
1176 705 1239 756 est
1259 704 1472 775 semper,
1505 705 1622 777 quid
1640 707 1704 758 vir
1724 706 1998 776 admodum
2026 705 2234 778 prudens

701 783 751 834 in
772 783 1008 854 ejusmodi
1026 784 1225 856 negotio
1241 783 1604 855 ageret(tametsi
1620 783 1741 837 illud
1760 784 1906 836 etiarn
1925 800 2233 847 antevertere,

702 862 985 914 consultum
1000 859 1240 928 fuerit)sed
1256 859 1574 912 formandum
1588 861 1822 930 judicium
1840 879 1927 931 pro
1944 861 2234 920 conditione

700 942 749 989 ὃ(
766 942 1021 1011 capacitate
1038 939 1246 1008 personae
1263 981 1273 999 ,
1292 936 1512 1010 *quacum
1530 941 1680 1013 agitur
1697 960 1707 988 :
1727 956 1884 1010 neque
1898 943 2034 992 enim
2050 957 2230 993 conve-

704 1017 995 1068 nientiffimo
1023 1017 1202 1085 (emper
1215 1016 1263 1066 ὅ(
1279 1016 1642 1086 prudentiffimo
1666 1014 1823 1067 modo
1837 1034 2011 1068 omnes
2028 1035 2231 1088 operan-

703 1113 789 1147 tur.
808 1094 1168 1146 Ferdinandum
1185 1093 1433 1146 Albanum
1457 1098 1644 1147 Ducem
1660 1139 1673 1157 ‚
1701 1092 1814 1145 curn
1835 1094 2073 1146 defuneto
2090 1095 2234 1146 Seba-

706 1173 858 1225 stiano
879 1170 1126 1223 Lufitaniae
1144 1174 1274 1244 Rege
1289 1175 1516 1245 Regnum
1533 1172 1653 1223 illud
1671 1190 1785 1224 cum
1798 1173 1998 1224 exercitu
2014 1171 2235 1246 ingrede-

703 1266 845 1313 retur,
859 1249 1090 1301 nonnulli
1107 1248 1395 1301 accusabant
1412 1295 1424 1313 ,
1440 1248 1572 1322 quod
1585 1250 1771 1301 facinus
1789 1250 1981 1319 periculi
2000 1250 2203 1320 plenum
2220 1285 2235 1305 ,

702 1329 863 1380 immo
877 1344 1043 1380 contra
1059 1326 1236 1379 militiae
1250 1327 1374 1400 leges
1392 1325 1672 1398 suscepisset,
1687 1345 1792 1399 quae
1804 1325 1855 1379 in
1870 1330 2028 1379 Heroe'
2044 1344 2142 1380 tam
2159 1333 2236 1397 in-

706 1404 846 1479 signi,
860 1404 1057 1478 tamque
1073 1407 1243 1458 attium
1263 1404 1539 1457 militarium
1554 1407 1702 1475 perito
1716 1404 1951 1457 omnibus
1966 1422 2061 1457 erat
2075 1404 2234 1459 admi-

704 1486 877 1539 rationi
894 1486 1016 1556 3iple
1032 1483 1141 1537 vero
1155 1482 1400 1555 respondit
1415 1527 1427 1546 ‚
1441 1483 1487 1535 se
1502 1483 1702 1555 quidem
1720 1482 1985 1554 periculum
1997 1482 2117 1535 illud
2138 1485 2234 1537 rni-

707 1561 1101 1636 nimeignorasse,
1115 1564 1163 1614 in
1180 1581 1239 1614 eo
1257 1578 1422 1614 tamen
1441 1560 1684 1614 confisum
1698 1561 1744 1613 se
1757 1560 1906 1616 fuisse,
1927 1559 2061 1633 quod
2079 1574 2234 1635 nego-

706 1644 830 1694 tium
847 1640 930 1693 sibi
953 1640 1168 1694 futurum
1187 1640 1296 1692 effet
1314 1659 1429 1694 cum
1456 1641 1670 1692 Natione
1688 1674 1706 1695 2
1736 1657 1842 1711 quae
1857 1637 2090 1692 diuturno
2105 1641 2233 1710 pacis

705 1722 793 1773 usu
812 1719 922 1772 belli
952 1718 1105 1771 oblita
1123 1718 1366 1770 videretur.
1400 1721 1477 1769 Ne
1492 1716 1693 1789 quidem
1719 1714 1925 1788 quando
1945 1735 2059 1770 curn
2084 1718 2189 1771 viris
2204 1716 2231 1769 ὲ

705 1797 956 1869 prudentia
986 1795 1182 1846 laudatis
1211 1797 1362 1868 agitur
1380 1836 1393 1856 ,
1418 1811 1602 1846 certum
1635 1794 1698 1844 est
1716 1795 1897 1863 semper
1915 1793 2152 1863 judicium
2176 1794 2232 1846 &

706 1876 1154 1942 conjecstura‚quam
1172 1871 1231 1922 de
1247 1872 1521 1922 actionibus
1537 1869 1803 1922 eorundem
1817 1888 1870 1922 ex
1888 1872 2150 1943 praescripto
2161 1888 2232 1924 et-

701 1953 796 2023 jam
810 1950 1004 2002 rationis
1017 1951 1066 1997 ὃς
1086 1947 1342 2018 prudenti-x
1360 1949 1690 2018 concipimus:
1707 1947 1953 2000 interdum
1969 1951 2104 2003 enim
2122 1948 2229 2021 pas-

707 2028 839 2080 fione
857 2062 872 2084 ‚
901 2044 978 2077 aut
996 2023 1171 2075 affeetu
1189 2027 1234 2075 se
1249 2023 1412 2078 sinunt
1427 2025 1570 2093 abripi
1590 2051 1604 2087 5
1629 2026 1677 2075 ὃ(
1697 2024 2037 2094 prudentiffimi
2051 2027 2231 2098 quique

706 2105 945 2159 maximos
963 2103 1010 2152 su
1020 2101 1166 2153 binde
1185 2101 1478 2152 submittunt
1494 2119 1684 2166 errores,
1703 2102 1812 2172 quia
1825 2118 1878 2152 ex
1891 2102 2009 2156 vana
2021 2102 2232 2175 quadam

705 2183 764 2236 de
780 2184 824 2234 se
841 2180 1210 2253 praesumptione
1226 2197 1388 2231 curam
1405 2174 1720 2231 sufficientem
1735 2197 1842 2230 non
1859 2179 2090 2234 adhibent
2105 2216 2122 2237 ‚
2152 2197 2234 2234 aut

708 2262 917 2314 nimium
932 2258 1022 2309 suae
1037 2254 1299 2308 confidunt
1316 2255 1663 2328 sapientiae,qua
1680 2255 1815 2310 facile
1826 2257 1876 2308 in
1889 2259 2015 2312 viam
2029 2259 2175 2312 redite
2188 2259 2235 2312 se

706 2338 834 2409 posse
850 2337 1149 2396 arbitrantur,
1162 2332 1241 2386 etfi
1260 2334 1423 2404 paullo
1436 2335 1631 2409 longius
1645 2379 1658 2399 ‚
1673 2332 1823 2409 quam
1839 2337 2071 2407 oportuit,
2087 2336 2235 2392 alicu-

705 2417 754 2471 bi
767 2412 1085 2487 procefferint.
1101 2414 1485 2484 Nonnunquam
1502 2418 1646 2465 etiarn
1660 2412 1750 2465 eos
1746 2413 1858 2464 dem
1869 2414 2044 2467 fallunt
2058 2432 2234 2488 ea‚quae

705 2493 787 2566 ipsi
809 2493 1186 2565 praesupponunt
1201 2533 1213 2553 ‚
1241 2507 1432 2560 tempus
1451 2535 1464 2553 ,
1480 2492 1529 2541 ὅ(
1557 2508 1761 2544 eventus
1773 2490 1845 2543 alii
1861 2518 1875 2555 5
1904 2510 2047 2565 quare
2074 2491 2238 2545 tutiffi÷

707 2591 851 2625 mum
869 2571 953 2622 erit
975 2570 1142 2633 ,suum
1161 2570 1341 2637 semper
1356 2568 1636 2638 suspendere
1646 2568 1879 2639 judicium
1898 2571 1948 2621 in
1970 2570 2159 2643 ii5,quae
2172 2569 2234 2624 ab

711 2650 873 2702 alieno
887 2645 1167 2718 dependent
1184 2646 1488 2709 arbitri0,nec
1502 2646 1624 2698 illud
1645 2645 1876 2699 moderari
1891 2646 2014 2699 velle
2029 2647 2239 2719 pruden-

708 2728 768 2781 tia
783 2724 860 2778 sua
872 2722 1055 2797 propria
1071 2746 1085 2774 ,ε
1098 2722 1303 2796 quilibet
1317 2724 1450 2775 enim
1470 2723 1724 2794 peculiares
1741 2724 1844 2780 suas
1857 2723 1996 2777 habet
2011 2727 2237 2792 rationes,

711 2806 900 2879 ignotas
915 2803 1011 2854 aliis
1030 2847 1043 2865 ,
1071 2803 1115 2852 ὃ(
1139 2819 1313 2852 naturae
1328 2802 1417 2853 suae
1431 2819 1667 2875 congruas
1683 2847 1697 2867 ‚
1728 2801 1905 2875 quibus
1920 2803 1978 2854 ad
1996 2802 2242 2877 agendum

710 2881 984 2952 impellitur.
1009 2879 1163 2937 Quod
1182 2899 1264 2930 uni
1281 2880 1421 2931 alicui
1436 2879 1943 2950 videturimpoffibile,
1962 2880 2085 2933 alius
2106 2881 2236 2933 factu

709 2960 1002 3012 facillimum
1021 2957 1211 3024 judicat.
1238 2958 1345 3009 Nec
1359 2956 1532 3008 desunt
1545 2956 1737 3030 ingenia
1755 2991 1772 3014 ,
1802 2977 1906 3030 quae
1920 2956 2238 3029 periculosiffi·

712 3055 794 3088 ma
807 3052 1007 3107 quaeque
1023 3033 1200 3085 tentare
1227 3034 1446 3086 audeant.
1476 3036 1599 3085 Sunt
1613 3077 1626 3097 ,
1653 3052 1763 3107 quae-
1783 3052 2024 3089 rationem
2042 3050 2233 3098 ament}

710 3114 993 3168 suntetiarn>
1011 3130 1115 3184 qua:
1129 3114 1336 3167 eandem
1350 3112 1567 3189 omnino
1584 3113 1850 3187 defugiant.
2040 3173 2048 3189 ἲ
2210 3171 2218 3178 ,

2053 3195 2094 3246 §-
2107 3191 2235 3244 Artes
