2394 3768
760 331 834 384 148
1124 327 1428 367 DIDACI
1487 325 1949 367 sAAvEDRAE

754 400 919 462 lerant,
934 397 1108 468 quibus
1124 395 1396 450 mercedem
1410 394 1690 469 flagitabant
1707 397 1909 467 praestitae
1921 415 2071 468 operae
2089 398 2140 449 in
2156 397 2292 450 occi-

501 500 515 522 d
531 507 596 534 Non
622 500 723 532 houm
755 477 885 528 fione
907 476 925 507 ά
936 474 1112 526 Galbae.
1139 477 1204 524 Vt
1220 473 1432 547 quisquis
1447 473 1567 528 alios
1583 473 1739 538 habet,
1754 473 1815 526 sic
1832 474 2026 527 vicisfim
2043 473 2203 527 haberi
2217 475 2295 526 so-

499 549 609 629 miii}
621 548 700 628 ,ζζῇι
753 552 830 605 let.
851 556 984 605 Dum
998 551 1143 603 Iulius
1157 551 1270 603 Caes
1264 570 1310 603 ar
1324 552 1602 622 praeciperet‚
1615 567 1667 603 ut
1683 553 1879 622 Pompei
1896 551 2052 603 statua:
2066 554 2298 626 erigeren—

498 645 599 698 ωριωιε
613 655 701 686 more,
750 646 840 693 tur,
855 628 1060 683 firmavit
1076 629 1103 680 s
1098 648 1193 682 uas.
1223 627 1321 681 Nifi
1341 629 1617 700 conspirent
1636 630 1870 700 Principes
1887 645 2054 681 contra
2070 646 2299 682 contem·

497 701 718 785 ἵζ’ἕξζῇζζζωζζ,
750 723 890 778 ptum
918 709 969 760 ὃς
997 705 1331 760 infidelitatem
1360 750 1373 771 ,
1398 708 1448 757 ὅ(
1478 708 1730 760 auctoritas
1755 706 2090 778 periclitabitur
2115 750 2128 771 ,
2154 707 2203 757 ὃ(
2240 705 2300 758 fi-

494 790 691 833 pos'ierumul-
750 784 934 842 delitas·

497 846 611 870 tionem.
631 838 710 870 Tac.
1191 862 1200 869 .
1539 863 1546 870 .
1943 862 1952 870 .
2198 862 2206 871 .
2233 861 2242 869 .
2333 841 2345 852 “

497 885 686 919 nb.1.H·1st.
859 869 912 921 5.
946 860 1171 930 Qando
1187 882 1238 915 1r1
1258 860 1439 915 casibus
1455 860 1616 915 dehet}
1635 881 1714 932 pat
1731 862 1795 927 est
1812 880 2043 914 omniurn
2059 859 2298 916 conditio,

495 969 509 985 ε
527 965 690 998 carendum
751 957 814 994 ne
829 948 1125 995 conniveant
1153 942 1305 1014 Reges
1322 960 1437 994 cum
1452 940 1554 993 aliis
1572 979 1585 1004 ,
1608 940 1727 992 alios
1742 952 1756 973 ⁶
1773 941 1978 1011 puniant
1996 960 2006 988 :
2025 937 2147 991 nihil
2164 941 2299 990 enim

495 1013 716 1105 {ffsjzjfffissl‘f'
750 1038 832 1071 eos
849 1017 1003 1094 magis
1018 1017 1182 1071 reddet
1201 1018 1380 1071 invisos
1398 1060 1411 1081 ,
1434 1017 1585 1091 quarn
1603 1017 1686 1070 ista
1699 1018 1954 1091 aequalitas·
1979 1016 2129 1070 Vnde
2150 1017 2301 1090 AEgy-

491 1110 666 1164 pledanrur,
750 1098 832 1168 ptii
852 1098 1098 1167 paritatem
1114 1140 1125 1159 ‚
1145 1114 1250 1168 quae
1267 1095 1492 1149 servanda
1504 1096 1569 1147 est
1583 1097 1632 1149 in
1645 1096 1817 1166 justitia
1838 1140 1850 1159 ,
1882 1114 1960 1166 per
1971 1113 2156 1167 pennas
2174 1095 2305 1145 Stru-

494 1159 696 1250 ξ’,ζζζζξξῖῗῇξ
751 1173 930 1226 thionis
946 1173 1279 1248 significabant
1294 1193 1347 1226 ex
1364 1171 1557 1246 utraque
1574 1189 1699 1245 parte
1716 1173 1936 1246 aequales,

496 1256 570 1290 Cic·
588 1258 626 1290 de
645 1254 714 1290 Off-
858 1257 910 1310 5.
933 1254 1116 1327 Magna
1132 1253 1357 1323 Principis
1370 1252 1619 1322 prudentia
1630 1251 1711 1308 est3
1727 1270 1787 1303 eo
1804 1254 1870 1303 uti
1886 1249 2202 1323 castigationis
2213 1269 2300 1325 ge-

749 1346 873 1393 nere,
892 1346 946 1382 ut
962 1348 1075 1382 cum
1096 1329 1274 1382 minori
1289 1328 1616 1400 delinquentis
1632 1327 1821 1381 damno
1833 1328 2039 1398 expietur
2058 1326 2198 1398 culpa
2221 1328 2300 1392 ,ὃς

749 1404 934 1458 offensa
952 1407 1076 1458 faeta
1094 1405 1690 1477 Reipublicae.Turbabant
1709 1405 1966 1459 Galaeciam
1981 1405 2082 1456 Viri
2096 1403 2303 1476 quidam

746 1482 965 1546 Nobiles,
980 1483 1029 1533 ὃ(
1045 1482 1228 1536 tametsi
1247 1483 1409 1555 capitis
1423 1485 1484 1536 rei
1505 1481 1652 1536 effent
1669 1526 1682 1548 ,
1711 1482 1945 1537 accersivit
1962 1500 2045 1534 eos
2060 1481 2120 1533 ad
2141 1482 2186 1534 se
2200 1484 2301 1535 Rex

498 1576 582 1631 Mar.
596 1571 665 1625 hist-
689 1620 692 1622 ,
747 1557 1074 1612 ferdinandus
1104 1563 1122 1612 I
1142 1564 1204 1613 V.
1230 1563 1281 1612 ὃς
1311 1563 1361 1613 in
1392 1560 1676 1613 muneribus
1705 1561 1988 1613 militaribus
2018 1559 2273 1630 occupavit
2281 1586 2298 1623 5

496 1619 672 1711 {fg-‘'³¹¹³''
684 1632 710 1663 ς’
749 1655 850 1709 quo
866 1638 1050 1691 factum
1067 1682 1080 1703 ,
1096 1654 1149 1690 ut
1165 1637 1435 1691 nonnullos
1452 1636 1692 1712 castigaret
1707 1637 1852 1690 hostis
1868 1682 1880 1702 ,
1903 1637 2022 1692 alios
2037 1635 2152 1689 belli
2167 1636 2302 1711 aspe⁴

747 1717 871 1779 ritas,
884 1715 933 1766 ὅ(
950 1714 1135 1768 labores
1149 1760 1163 1778 ,
1192 1731 1335 1790 atque
1351 1716 1413 1767 ita
1431 1714 1677 1787 provincia
1689 1714 1772 1768 illa
1785 1715 1934 1795 quieti
1952 1713 2157 1787 pristinae
2171 1712 2304 1767 testi-

749 1808 971 1846 tueretur.

857 1875 910 1927 §-
941 1868 1392 1936 Qemadmodum
1411 1872 1538 1922 Pacis
1561 1873 1778 1938 tempore
1793 1869 1994 1941 prosunt
2017 1867 2169 1943 quam
2186 1868 2299 1940 plu-'-

746 1943 925 1998 timum
942 1949 1115 2000 Iustitia
1128 1949 1178 1998 ὃς
1194 1947 1486 2003 Clementia,
1506 1948 1568 1999 ita
1585 1948 1636 1998 in
1651 1946 1784 2000 bello
1804 1949 2052 2018 praemium
2067 1949 2118 1998 ὅ(
2137 1965 2297 2018 poena:

748 2026 857 2095 quia
875 2024 1069 2097 grandia
1097 2025 1162 2077 ibi
1179 2025 1381 2095 pericula
1400 2066 1413 2087 ‚
1437 2043 1541 2096 quae
1558 2023 1654 2076 sine
1670 2024 1748 2095 spe
1777 2024 1952 2098 magnei
1971 2025 2168 2094 superari
2186 2043 2295 2076 non

750 2101 909 2152 solent
923 2136 938 2156 2
962 2120 1051 2154 nec
1067 2101 1175 2154 solo
1194 2120 1326 2153 metu
1342 2101 1532 2154 licentia
1548 2118 1743 2154 morum
1757 2104 1805 2152 ὅ(
1831 2100 2077 2155 dissolutio
2094 2102 2299 2155 coerceri

500 2179 537 2252 {n
564 2173 716 2248 1³¹}'h·“·
751 2177 958 2248 possunt.
993 2179 1113 2251 ἒβη
1126 2178 1228 2231 todo
1240 2179 1324 2250 esto
1355 2178 1540 2249 (ajebat
1559 2181 1658 2230 Rex
1682 2178 1948 2250 Alphonsus
1967 2181 2188 2250 Sapiens)
2218 2181 2301 2246 son

500 2255 515 2261 ⁶
610 2251 635 2258 -.
749 2274 853 2306 mas
868 2254 1049 2328 das'z'osos
1061 2255 1123 2309 los
1118 2275 1295 2332 yerr052
1311 2275 1396 2330 que
1406 2255 1469 2309 los
1485 2256 1857 2330 Omeafazaenen
1869 2254 2154 2330 laguerrasca
2166 2253 2301 2326 affati

749 2330 928 2384 abonda
943 2332 972 2386 ci
983 2332 1046 2385 los
1057 2369 1072 2390 ,
1101 2352 1188 2410 que
1201 2353 1256 2386 en
1273 2331 1356 2385 ella
1373 2332 1531 2386 andan
1555 2334 1612 2387 de
1623 2335 1781 2406 averse
1793 2333 1848 2387 de
1862 2333 2070 2408 guardar
2080 2333 2161 2388 del
2175 2333 2298 2386 das'io

748 2409 805 2461 de
818 2408 880 2461 los
896 2413 1118 2486 enemigos
1133 2458 1144 2476 ‚
1162 2424 1334 2486 quanto
1349 2429 1454 2464 mas
1467 2410 1546 2464 del
1557 2458 1568 2477 ‚
1596 2431 1684 2487 que
1698 2409 1762 2464 les
1775 2413 1915 2465 viene
1922 2426 2005 2487 por
2017 2409 2148 2489 culpa
2162 2410 2220 2464 de
2233 2409 2299 2465 los

737 2487 869 2561 βψω
884 2490 1086 2560 mefmos.
1118 2493 1373 2561 Eapropter
1391 2492 1606 2542 Romani
1634 2488 1819 2541 diversis
1837 2508 2091 2560 poenarum
2105 2492 2154 2540 δε
2170 2489 2301 2542 infa-

748 2569 856 2619 miae
869 2567 1121 2642 generibus
1139 2564 1408 2621 afficiebant
1425 2567 1598 2621 milites
1614 2611 1627 2633 ‚
1660 2569 1742 2640 qui
1757 2564 1923 2621 officio
1938 2566 2026 2620 suo
2053 2565 2263 2620 deeffent
2278 2606 2293 2630 ,

750 2646 893 2698 autin
908 2646 1141 2717 periculiS,
1157 2663 1235 2698 aut
1252 2647 1302 2698 in
1321 2644 1565 2717 disciplina
1579 2645 1783 2708 militari5
1798 2664 1900 2718 quo
1914 2643 2073 2701 fiebat,
2088 2662 2142 2698 ut
2155 2645 2296 2718 puni-

748 2725 937 2775 tionem
954 2723 1278 2799 magi3‚quam
1297 2723 1486 2776 hostem
1500 2738 1785 2786 metuerent,
1802 2722 2102 2796 mallemque
2115 2725 2166 2775 in
2179 2740 2297 2793 prae-

747 2799 815 2851 lio
844 2800 1107 2875 gloriosam
1135 2804 1348 2855 morte⁰m
1374 2817 1596 2872 oppetere
1612 2845 1626 2865 ,
1651 2800 1803 2873 quam
1817 2800 2018 2854 honoris
2034 2799 2194 2872 postea
2213 2816 2295 2852 aut

747 2877 852 2929 vitae
870 2879 1020 2931 facere
1045 2881 1278 2949 jacturam
1304 2898 1418 2931 cum
1436 2878 1712 2952 ignominia
1739 2877 1979 2951 perpetua.
2001 2881 2170 2929 Nemo
2198 2876 2294 2930 istis

746 2956 1044 3026 temporibus
1062 2956 1191 3032 figna
1206 2961 1287 3011 sua
1300 2957 1421 3027 turpi
1435 2955 1547 3029 fugai
1563 2955 1768 3010 audebat
1785 2957 1988 3009 deserere
2004 2990 2020 3011 ‚
2043 2957 2157 3028 quia
2175 2955 2293 3007 nus-

745 3051 895 3104 quam
915 3035 965 3085 in
985 3036 1187 3105 Imperio
1205 3036 1232 3087 s
1226 3053 1392 3088 ecurus
1404 3032 1572 3108 degere
1586 3050 1780 3105 poterat.
1788 3039 1902 3087 Hoc
1916 3033 2080 3086 nostro
2098 3051 2292 3103 tempo-

744 3129 791 3162 re
806 3110 980 3165 milites
1004 3112 1190 3186 fugitivi
1218 3132 1325 3165 non
1344 3109 1507 3164 solum
1527 3131 1634 3165 non
1661 3113 1930 3184 puniuntur
1954 3109 2014 3164 ad
2031 3111 2206 3184 patrios
2224 3128 2294 3162 re-

2179 3186 2293 3239 versi
