2394 3768
486 493 570 526 Mar.
585 491 654 526 hist.

487 540 583 587 Hisp.
600 541 655 575 nb.
671 545 700 572 6.

483 602 509 622 (“.
526 599 556 622 6.

485 656 590 687 Cone.
608 653 681 685 To-

483 703 536 735 lct.
553 715 577 735 c.
591 712 619 747 3.

740 339 815 377 162
1094 328 1399 370 DIDACI
1481 325 1929 368 SAAVEDRAE

737 401 989 455 seditiones
1006 399 1218 450 orientur
1231 397 1281 447 ὃ(
1297 394 1675 465 conspirationes
1689 437 1702 458 ‚
1730 413 1787 446 ex
1803 393 1873 445 his
1896 395 2103 469 denique
2119 410 2276 447 muta-

736 482 890 531 tiones
908 474 1394 546 Rerumpublicarum
1409 474 1457 524 &
1475 472 1842 524 dominatuum.
1871 471 2024 525 Plures
2042 472 2275 544 Principes

734 552 1097 607 dissensionibus
1129 554 1180 604 in
1198 551 1454 626 Religione
1479 548 1652 622 periiffe
1675 548 1914 615 vidimuS,
1940 549 2090 622 quam
2121 551 2276 603 armis,

732 636 851 685 Eam
871 631 938 683 ob
951 650 1051 683 rem
1068 628 1356 683 Concilium
1370 628 1670 681 Toletanum
1685 629 1731 680 V
1746 630 1783 680 Ι.
1807 627 2139 699 sapientissime
2151 627 2281 680 ordi-

731 711 894 766 navit,
923 726 976 762 ut
1003 708 1190 762 nemini
1215 711 1426 759 Coronae
1450 705 1784 778 possessionem
1809 705 1934 757 adire
1964 704 2157 762 liceret,
2190 703 2278 758 nisi

729 787 857 861 prius
887 786 1004 840 dato
1030 783 1334 859 jurejurando
1359 783 1719 856 adpromitteret
1742 826 1754 848 ,
1783 782 1980 835 nullum
2002 783 2097 836 sese
2128 784 2179 835 in
2213 801 2282 834 re·

728 886 834 942 gno
851 866 939 918 suo
956 865 1267 918 toleraturum
1285 897 1301 920 ,
1333 864 1418 936 qui
1431 880 1545 915 verae
1560 862 1611 913 &
1627 860 1910 914 orthodoxae
1927 860 2035 913 fidei
2053 860 2282 934 mysteriis

729 944 812 997 rite
829 943 1044 997 imbutus
1057 960 1161 995 non
1179 939 1304 995 esset.
1343 940 1574 1012 Hispania
1592 941 1753 1013 quieta
1771 937 1860 992 effe
1876 958 1981 990 non
2000 939 2174 1010 potuit,
2186 937 2283 990 do-

729 1042 822 1076 nec
839 1041 1013 1075 errores
1034 1020 1145 1073 Arrii
1160 1018 1422 1091 deponeret
1442 1064 1455 1084 ,
1467 1019 1518 1070 δε
1535 1035 1712 1070 omnes
1727 1017 2038 1087 Religionem
2056 1014 2283 1069 Catholi-

729 1120 838 1153 cam
856 1099 1271 1170 ampletfterentur.
1305 1101 1344 1149 A
1369 1116 1472 1169 quo
1490 1112 1706 1167 tempore
1728 1112 1830 1148 tam
1851 1096 1975 1148 bene
1989 1095 2078 1147 fuit
2097 1094 2287 1148 univer-

729 1178 783 1230 so
814 1177 1029 1248 Popu10‚
1055 1195 1109 1229 ut
1126 1174 1240 1229 curn
1269 1173 1431 1247 postea
1456 1177 1560 1227 Rex
1583 1174 1853 1228 ‘Wetericus
1878 1171 2087 1225 eandem
2103 1173 2285 1225 sectam

728 1254 1032 1327 postliminio
1048 1269 1300 1307 conaretur
1326 1249 1493 1305 denuo
1520 1250 1852 1314 introducere,
1881 1252 2002 1302 intra
2019 1250 2176 1320 ipsum
2204 1268 2287 1320 pa-

730 1334 902 1386 latium
920 1333 1182 1385 miserrime
1197 1331 1338 1384 fuerit
1355 1328 1632 1383 trucidatus.
1658 1327 1844 1381 Verum
1859 1346 1964 1380 non
1982 1326 2286 1379 obstantibus

727 1412 877 1484 quam
895 1411 1113 1482 plurimis
1126 1408 1356 1480 exemplis
1374 1406 1610 1460 similibus
1629 1406 1679 1457 &
1704 1405 1999 1479 experientiis
2020 1448 2032 1465 ,
2045 1405 2134 1457 fuit
2151 1422 2288 1456 non-—

730 1508 884 1541 nemo
898 1532 911 1552 ,
925 1489 1008 1561 qui
1025 1487 1171 1559 impie
1188 1486 1362 1540 docere
1382 1487 1520 1538 ausus
1534 1484 1598 1536 est
1619 1485 1885 1555 Principem
1898 1516 1914 1539 2
1931 1479 2059 1554 posse
2072 1501 2186 1535 eum
2200 1499 2288 1552 pro

727 1565 869 1620 libitu
886 1566 1198 1640 Religionem
1214 1579 1296 1617 aut
1313 1562 1615 1624 dissimulare,
1635 1577 1715 1613 aut
1731 1561 1925 1635 fingere.
1945 1560 2049 1627 Qui
2066 1580 2173 1614 eam
2192 1559 2289 1612 fin·

727 1645 822 1718 git,
852 1642 1041 1696 nullam
1057 1644 1274 1695 omnino
1291 1639 1456 1693 credit.
1480 1646 1537 1690 Et
1561 1636 1596 1688 fi
1619 1635 1857 1708 ejusmodi
1876 1637 2012 1690 fietio
2032 1637 2290 1692 artificium

727 1720 983 1793 quoddam
999 1722 1063 1771 est
1077 1718 1353 1790 politicum,
1369 1714 1429 1767 ad
1446 1714 1755 1786 copulandos
1770 1715 2031 1779 animos‚&
2048 1713 2287 1771 tuendam

725 1797 1107 1866 Rempublicam
1131 1835 1148 1858 ,
1185 1791 1349 1846 multo
1384 1790 1434 1845 id
1464 1790 1695 1864 praestabit
1721 1791 1895 1845 melius
1928 1811 2036 1847 vera
2065 1792 2284 1866 Religio,

727 1874 879 1946 quam
904 1872 1039 1929 falsa:
1067 1872 1167 1925 haec
1192 1871 1326 1924 enim
1360 1868 1545 1924 caduca
1569 1869 1633 1922 est
1643 1897 1657 1934 3
1679 1870 1760 1923 illa
1784 1886 1982 1934 aeterna‚
2001 1872 2052 1921 &
2073 1872 2285 1923 immor-

737 1952 858 2004 talis.

841 2027 1003 2080 Multa
1022 2026 1221 2097 Imperia
1235 2025 1437 2079 fundata
1452 2024 1503 2075 in
1523 2022 1859 2098 Religionibus
1875 2023 1995 2078 falsis
2008 2070 2020 2090 ,
2043 2024 2124 2078 sed
2138 2025 2198 2078 ab
2214 2025 2286 2101 ig·-

730 2105 951 2158 norantisi
965 2105 1205 2174 profeffiS,
1227 2104 1384 2177 longo
1402 2119 1622 2172 tempore
1636 2107 1765 2154 Deus
1778 2104 2071 2156 conservavit
2090 2146 2102 2166 ,
2128 2122 2287 2156 remu-

732 2182 950 2235 nerando
964 2180 1107 2234 isthac
1123 2182 1307 2233 ratione
1321 2181 1511 2236 virtutes
1527 2179 1760 2252 quasdam
1781 2199 1951 2233 eorum
1970 2180 2190 2246 moraleS‚
2205 2198 2286 2234 aut

730 2260 917 2314 cultum
936 2277 1146 2321 coecum,
1162 2260 1211 2309 &
1229 2260 1446 2312 vietimas
1465 2257 1696 2322 barbaraS,
1712 2257 1888 2329 quibus
1904 2258 2061 2329 ipsum
2077 2260 2288 2332 inquire-

730 2339 865 2401 bant5
882 2357 986 2389 non
1003 2335 1138 2409 quod
1154 2336 1224 2389 hae
1238 2336 1307 2388 illi
1323 2352 1462 2411 gratae
1475 2333 1723 2399 essent‚sed
1740 2335 1809 2387 ob
1820 2335 2090 2410 religiosam
2106 2335 2288 2409 simpli-

734 2417 928 2470 eitatem
945 2460 956 2479 ‚
982 2413 1075 2487 qua
1089 2434 1164 2467 eas
1178 2416 1422 2467 interdum
1437 2409 1719 2465 offerebant.
1763 2415 2037 2487 Nunquam
2052 2430 2217 2469 tamen
2232 2434 2286 2468 ea

733 2494 934 2565 Imperia
948 2491 1030 2546 diu
1047 2494 1169 2547 fovit
1182 2528 1199 2549 ‚
1226 2511 1332 2565 quae
1348 2489 1499 2565 magis
1516 2510 1571 2542 ex
1588 2489 1767 2545 malitial
1779 2532 1794 2556 ,
1814 2508 1895 2544 aut
1908 2508 2004 2545 arte
2019 2537 2032 2557 ‚
2055 2492 2205 2565 quam
2229 2511 2285 2545 ex

733 2570 1030 2647 ignorantia,
1057 2570 1368 2645 Religionem
1391 2568 1749 2623 dissimularent.
1787 2572 1832 2622 S.
1851 2569 2054 2623 Isidorus
2068 2573 2285 2623 moriens

734 2650 1018 2705 vaticinatus
1035 2648 1100 2701 est
1114 2652 1163 2701 N
1169 2650 1320 2702 arioni
1334 2650 1429 2702 His
1423 2647 1621 2720 panicae,
1636 2647 1738 2700 fore
1752 2663 1806 2700 ut
1820 2683 1838 2704 ,
1855 2647 1888 2700 fi
1910 2647 1937 2701 a
1951 2646 2052 2702 vera
2069 2647 2285 2722 Religio-

734 2746 797 2779 ne
813 2728 907 2797 ipsa
924 2726 1215 2792 descisceret,
1231 2727 1577 2799 opprimeretur
1589 2725 1650 2778 ab
1664 2724 1901 2791 hostibus3
1933 2723 2003 2778 fin
2018 2727 2070 2778 in
2089 2724 2142 2778 ea
2158 2744 2283 2778 con*

738 2804 861 2856 stans
874 2804 1123 2874 perfisteret
1135 2845 1149 2869 ,
1165 2806 1333 2858 contra
1345 2799 1480 2874 supra
1493 2821 1671 2855 omnes
1683 2804 1921 2857 Nationes
1935 2803 2044 2856 ali-as
2059 2806 2280 2856 eveetum

612 2898 618 2904 ·
651 2925 658 2931 .
735 2883 788 2933 iri
810 2881 881 2932 :id
897 2882 1034 2953 quod
1055 2883 1196 2954 reipsa
1213 2884 1370 2938 evenit
1384 2883 1435 2933 in
1452 2879 1697 2934 durissimo
1715 2883 2021 2935 Arrianorum
2033 2882 2164 2954 jugO,
2179 2899 2282 2952 quo

625 2961 637 2978 ³
679 2967 698 2981 '·
736 2959 942 3029 opprimi
970 2961 1114 3030 coepit
1144 2960 1398 3032 Hispania,
1428 2977 1482 3010 ex
1496 2977 1598 3030 quo
1613 2961 1713 3011 Rex
1731 2962 1908 3014 Witiza
1924 2961 2132 3011 Summo
2150 2960 2282 3009 Pon—

736 3035 852 3088 tifici
875 3034 1207 3090 obedientiam
1237 3038 1439 3109 praestare
1467 3037 1792 3100 recusavit3ex
1818 3057 1878 3090 eo
1906 3037 2039 3087 enim
2065 3051 2281 3106 tempore

737 3112 921 3166 libertas
938 3111 1094 3165 cultus
1110 3160 1123 3180 ,
1147 3116 1437 3171 &vitiorum
1454 3112 1643 3168 licentia
1675 3117 1888 3187 quietem
1902 3113 2147 3184 publicam
2180 3132 2280 3183 per-

2124 3190 2280 3244 turba-
