2394 3768
433 303 837 344 svmssoLA
894 304 1344 347 PorrTrcA.
1567 319 1644 362 351

20 362 23 370 ’
74 401 78 404 -
103 371 217 426 liora
231 370 481 423 extimulet
496 417 508 437 ‚
542 370 568 423 ὲ
581 372 719 424 malis
734 372 896 426 bonos
913 372 1097 427 efficere
1112 375 1308 428 studeat.
1335 379 1514 430 Caveat
1532 419 1546 441 ,
1585 397 1648 431 ne

103 454 234 505 suam
253 448 349 518 ipse
376 451 708 502 auctoritatem
728 452 1004 522 interponat
1025 496 1036 515 ,
1074 453 1276 525 quando
1292 453 1352 506 de
1381 473 1549 507 eorum
1567 473 1648 509 aut

101 527 334 582 electione
351 565 363 589 ,
380 544 459 578 aut
477 527 778 598 depositione
795 529 959 601 agitur.
991 530 1050 581 Iis
1066 533 1261 603 negotia
1283 534 1526 601 permittat
1545 577 1558 597 ‚
1586 533 1646 586 ad

101 624 222 680 quos
233 623 285 655 ea
298 607 536 672 pertinent
553 632 566 667 5
584 604 913 658 Consiliorum
932 609 1120 659 cursum
1134 611 1184 660 in
1206 609 1647 663 consultationibus

100 702 160 737 ne
175 680 404 751 impediat
423 704 432 730 ε
453 681 570 733 sinat
586 701 764 733 omnes
790 686 1028 753 pervenire
1046 685 1104 737 ad
1125 687 1390 755 Principem
1417 715 1429 750 5
1460 688 1595 758 quod
1612 688 1647 740 fi

97 760 173 814 hic
190 778 264 812 eas
282 777 396 810 curn
414 759 516 829 ipso
532 760 791 812 contulerit
804 804 816 824 ,
845 765 1016 830 poterit
1032 779 1151 814 tunc
1177 763 1413 832 judicium
1432 764 1574 816 suum
1591 766 1646 818 li-

99 837 204 891 bere
224 836 387 908 eloqui
407 879 418 899 ,
435 856 540 888 non
558 838 653 889 alio
671 855 834 890 tamen
849 837 1024 891 affeetu
1047 886 1059 905 ,
1085 843 1234 913 quam
1253 843 1371 893 utin
1386 859 1490 894 rem
1506 862 1642 896 corn-

96 934 301 969 munem
317 912 504 983 optime
520 915 758 967 consulat.

201 998 256 1050 5.
287 990 430 1043 Porro
444 990 548 1045 aula
566 991 977 1063 periculosissimus
991 996 1146 1068 gratiae
1162 995 1288 1048 illius
1306 996 1531 1068 scopulus
1545 997 1611 1050 est
1626 1027 1640 1063 ‚1

95 1073 143 1124 ὅ(
161 1089 325 1123 tamen
342 1088 517 1121 omnes
532 1071 613 1123 illa
628 1088 856 1126 utuntur,
893 1088 945 1123 ut
963 1072 1089 1125 hanc
1105 1072 1299 1126 firment
1320 1117 1332 1138 ‚
1370 1077 1420 1126 δε
1433 1076 1638 1129 reddant

93 1165 380 1221 perpetuam.
425 1146 603 1200 Nullus
619 1150 668 1200 in
687 1147 738 1200 ea
767 1149 882 1220 lapis
899 1149 962 1201 est
977 1194 990 1213 ,
1028 1150 1111 1221 qui
1137 1151 1251 1204 solvi
1267 1171 1372 1204 non
1403 1155 1564 1224 cupiat
1587 1155 1637 1207 &

93 1245 238 1289 ruere,
252 1243 307 1277 ut
323 1228 484 1277 Privati
500 1223 624 1278 illius
638 1227 837 1278 statuam
864 1227 1032 1291 diruat,
1053 1247 1158 1278 non
1175 1229 1337 1281 miuus
1354 1229 1638 1284 destruetio-

91 1306 142 1357 ni
158 1303 443 1367 obnoxiam,
460 1305 609 1375 quam
624 1305 700 1357 illa
715 1305 1218 1358 Nabuchodonosoris
1234 1306 1302 1358 ob
1322 1309 1635 1362 metallorum

91 1380 422 1435 diversitatem.
462 1385 630 1433 Nemo
655 1382 910 1454 quisquam
929 1382 978 1434 in
996 1382 1100 1435 aula
1119 1385 1304 1435 securus
1328 1388 1488 1438 Privati
1510 1396 1638 1439 amr*

89 1479 172 1512 cus
188 1459 305 1514 est,1'i
321 1458 447 1532 eligit
460 1458 661 1531 aliquos,
678 1459 849 1511 odium
865 1461 1159 1513 &invidiam
1176 1462 1301 1531 apud
1318 1463 1435 1514 alios
1447 1465 1633 1517 excitat.

89 1540 135 1589 Si
153 1556 235 1589 eos
255 1538 450 1608 Principi
467 1539 632 1589 charos
650 1535 794 1589 efficit
813 1580 824 1600 ‚
838 1539 1035 1609 gratiam
1057 1539 1191 1590 suam
1209 1541 1419 1609 periculo
1435 1543 1601 1611 objicit
1618 1568 1633 1605 3

87 1615 156 1667 fin
173 1613 362 1668 minus,
393 1616 645 1684 experietur
659 1633 740 1665 eos
755 1613 911 1666 hostes
939 1636 949 1664 :
990 1616 1207 1688 adeoque
1224 1618 1504 1672 tutnfimum
1520 1625 1634 1686 erit,

85 1691 245 1744 medici
259 1689 466 1764 quadam
481 1692 549 1744 via
568 1736 579 1754 ,
594 1693 642 1740 ὅ(
661 1688 987 1743 indifferenter
999 1693 1219 1744 incedere
1235 1714 1349 1747 curn
1369 1697 1604 1749 omnibus
1618 1728 1633 1762 ,ν

85 1789 178 1822 nec
194 1769 338 1820 ullius
352 1769 398 1819 se
425 1769 693 1820 immiscere
709 1766 875 1820 officio
892 1810 905 1831 ‚
948 1767 1116 1820 dando
1128 1788 1325 1838 operam
1342 1817 1354 1836 ,
1392 1788 1446 1825 ut
1462 1775 1628 1845 quoad

80 1847 178 1898 fieri
192 1844 362 1916 potest,
374 1844 674 1918 fingulorum
690 1844 925 1897 voluntati
941 1843 1022 1896 fiat
1039 1844 1163 1906 satis4
1183 1864 1272 1899 nec
1285 1848 1629 1919 impediantur,

81 1923 159 1976 sed
171 1925 390 1992 juventur
406 1924 562 1993 potius
578 1925 626 1974 in
645 1921 951 1992 procurandis
969 1922 1248 1975 commodis
1266 1969 1279 1990 ,
1295 1945 1401 1998 quae
1425 1926 1625 1997 sperant,

82 2001 234 2066 Quod
250 2000 281 2051 fi
299 2002 404 2072 quis
419 2004 468 2051 in
491 2001 707 2072 Principis
718 2000 933 2053 favorem
950 1999 1043 2052 sese
1059 1999 1362 2056 insinuaverit
1377 2044 1391 2067 ‚
1428 2004 1628 2058 consul-

80 2084 173 2134 tius
189 2080 272 2131 erit
285 2098 397 2131 eum
409 2078 583 2130 servare
602 2078 899 2130 benevolum
915 2079 963 2129 in
979 2097 1187 2131 ornnem
1203 2082 1628 2139 eventum2f1forte

82 2177 152 2211 res
171 2175 225 2209 ex
237 2173 356 2208 voto
370 2158 410 2208 ei
424 2155 680 2208 successerit
699 2200 711 2219 ,
728 2155 876 2228 quam
892 2155 1011 2208 velle
1024 2174 1138 2208 eum
1150 2157 1379 2229 impedire
1395 2195 1411 2215 ,
1440 2178 1520 2214 aut
1543 2160 1628 2212 de-

86 2234 273 2287 turbare
287 2233 347 2284 de
359 2232 500 2306 gratia
516 2255 525 2282 :
543 2253 659 2284 nam
674 2233 789 2303 saepe
803 2277 814 2295 ‚
828 2235 907 2305 qui
922 2232 1128 2285 luctatus
1143 2253 1258 2289 cum
1276 2236 1373 2288 alio
1387 2256 1501 2288 eum
1517 2256 1626 2307 pro-

85 2314 281 2364 sternere
298 2311 466 2372 voluit,
483 2310 706 2364 unacum
725 2311 813 2363 illo
831 2311 1017 2366 cecidit,
1030 2312 1080 2361 &
1096 2310 1215 2364 solet
1232 2313 1471 2385 oppofitio
1488 2333 1631 2367 eoma

86 2391 295 2442 munitet
308 2389 488 2441 favores
504 2388 654 2462 magis
666 2388 934 2441 incendere.
950 2389 1106 2441 Plures
1125 2392 1284 2443 Privati
1304 2391 1627 2464 p'eriere‚quod

88 2467 448 2520 nonnullorum
469 2467 658 2518 ruinam
676 2465 961 2518 molirentur
973 2501 988 2521 ,
1006 2466 1156 2538 quarn
1172 2466 1419 2542 quodaliis
1435 2470 1492 2521 ad
1506 2489 1626 2523 ean-

88 2549 201 2597 dem
231 2545 426 2618 gratiam
445 2544 728 2613 adjumento
745 2541 904 2594 essent.
949 2547 1145 2613 Spernat
1159 2546 1260 2598 suas
1288 2549 1416 2617 apud
1446 2547 1625 2600 Princi—

82 2643 195 2694 pem
225 2621 575 2686 accusationeS,
607 2638 686 2673 aut
710 2619 874 2673 laudes
890 2665 902 2685 ‚
935 2616 1105 2693 easque
1123 2623 1532 2678 casui&fortunae
1555 2641 1625 2678 ree·

82 2700 288 2773 linquar.

190 2783 241 2836 5.
266 2775 406 2828 Porro
420 2775 659 2849 singularis
671 2775 750 2828 ille
769 2775 989 2847 Principis
1003 2776 1135 2831 favor
1151 2771 1416 2845 plurimum
1428 2777 1454 2831 a
1471 2798 1623 2850 popu-

81 2855 113 2908 li
130 2855 371 2921 dependet
385 2853 587 2923 judicio:
603 2872 717 2905 nam
736 2853 766 2905 fi
783 2853 866 2906 iste
886 2857 1121 2908 Privatum·
1138 2853 1283 2907 odisse
1302 2858 1622 2925 coeperit,non'

80 2935 251 3004 poterit
292 2951 405 2983 eum
435 2933 550 2983 tueri
585 2934 798 3002 Princeps
827 2946 995 2984 contra
1026 2952 1352 2985 communem
1389 2935 1623 2989 omnium

78 3029 248 3064 vocem
262 3037 274 3072 5
290 3010 339 3060 δε
357 3008 385 3060 si
400 3009 524 3060 hanc
541 3009 896 3080 contempserit,
911 3009 1180 3061 multitudo
1197 3012 1293 3082 ipsa
1312 3013 1473 3064 Privati
1493 3013 1623 3066 Iudi-

79 3087 431 3153 eern5imrno&
451 3086 740 3141 Carnificem
759 3086 1006 3140 costituere
1022 3091 1067 3139 (e
1085 3082 1222 3146 (olet,
1245 3088 1479 3162 siquidem
1496 3091 1623 3143 bene

897 3167 939 3216 G
954 3185 992 3240 g
1022 3186 1047 3216 2
1429 3168 1622 3222 multos
