2394 3768
469 320 866 362 sYMBoLA
925 321 1351 364 PoLrTrcA.
1511 309 1514 312 ’
1598 326 1680 380 699

162 381 281 454 quid
297 385 521 442 violentia
540 387 755 444 adversus
771 408 936 461 pacem
950 391 1124 444 temere
1140 391 1326 446 audeat.
1363 390 1502 445 Solus
1517 394 1647 447 Deus
1664 438 1677 457 ,

163 463 367 531 quando
383 482 488 517 eam
509 467 692 538 populo
711 468 796 518 suo
813 467 1003 541 largitus
1018 469 1082 521 est
1102 513 1114 531 ,
1155 489 1315 522 arcum
1335 486 1573 524 conterere
1591 490 1679 541 po·

163 539 253 590 tuit
272 544 342 610 (ut
366 543 599 595 Psalmista
614 544 843 616 loquitur)
858 546 906 595 &
923 564 1050 598 arma
1067 547 1435 620 confringere,&
1452 549 1674 623 scutaiig-

164 615 215 664 ni
234 620 539 684 comburere5
558 622 650 691 ipse
677 622 906 674 nimirum
924 639 1157 694 tanquam
1173 624 1414 694 supremus
1427 624 1537 678 belli
1558 627 1677 680 arbi—

1705 564 1838 593 {Arcum
1874 557 1922 591 εὸ-

1706 610 1790 652 n'ret,
1807 608 1843 644 ῥ’
1858 618 1927 639 con-

1699 653 1806 700 fringet
1818 666 1901 688 arma
1912 668 1922 686 ,τ

163 708 247 757 ter,
268 693 323 746 ad
344 696 574 749 tuendam
594 717 777 768 pacem,
796 700 934 751 armis
946 718 1066 767 opus
1081 719 1185 751 non
1200 700 1543 755 habet.Verum
1559 705 1678 756 inter
1705 706 1832 757 &sm
1848 714 1926 736 ‘⁰²²¹‘

160 773 388 826 homines
401 793 486 845 pax
504 773 591 826 effe
605 775 770 846 nequit
785 821 797 839 ,
831 775 914 826 nisi
930 776 1165 829 violentiae
1184 793 1338 830 metus
1352 779 1673 834 ambitionem

161 853 395 903 coerceat.
438 855 550 903 Hoc
565 852 772 921 primum
797 853 884 904 fuit
902 857 1275 906 incitamentum
1295 855 1352 906 ad
1378 875 1506 909 arma
1529 858 1676 909 fabri-

163 927 335 991 canda,
350 947 454 1000 quae
469 928 683 981 defenfio
700 929 943 981 adinvenit
962 931 1083 1001 prius
1099 957 1115 987 ³
1147 931 1295 1003 quam
1310 930 1528 985 offensio.
1552 938 1674 987 Prius

162 1021 365 1056 aratrum
387 1008 681 1057 moeniorum
700 1006 932 1076 descripsit
949 1008 1189 1060 ambitum
1208 1049 1220 1072 ,
1261 1009 1408 1080 quarn
1425 1010 1582 1081 plateae
1599 1030 1675 1063 ur-

161 1081 340 1152 besque
363 1082 724 1152 disponerentur
742 1127 753 1145 ‚
791 1085 836 1134 δε
870 1103 972 1134 uno
999 1084 1271 1158 eodemque
1296 1087 1442 1138 ferme
1459 1106 1675 1158 tempore

161 1162 312 1210 creora
344 1160 454 1211 sunt
480 1160 530 1210 in
563 1178 674 1233 agro
703 1162 905 1212 tentoria
934 1161 1147 1213 militaria
1172 1195 1187 1218 ‚
1225 1165 1274 1214 δε
1298 1168 1514 1216 extruerae
1540 1164 1676 1217 aedes.

158 1238 430 1308 Nunquam
451 1237 605 1289 secura
621 1238 739 1289 foret
759 1238 1071 1309 tranquillitas
1097 1240 1287 1308 publica
1307 1284 1318 1303 ,
1360 1240 1443 1292 nifi
1462 1261 1569 1295 cura
1601 1261 1674 1293 ar—

160 1331 290 1365 rnata
305 1313 513 1383 ejusdem
531 1314 764 1367 somnum
801 1314 1054 1369 custodiat.
1096 1317 1250 1370 Status
1267 1319 1405 1370 armis
1429 1318 1677 1371 destitutus

160 1392 347 1444 suscitat
365 1392 549 1443 hostem
566 1427 581 1447 ,
598 1394 646 1441 ἃ
663 1391 848 1444 bellum
865 1393 1065 1446 accersit.
1096 1396 1215 1448 Non
1235 1394 1575 1466 personuissent
1594 1397 1677 1448 Al-

159 1489 239 1541 pes
257 1484 329 1520 tot
345 1469 569 1521 tubarum
589 1470 922 1540 campestrium
951 1470 1203 1545 clangore,
1244 1472 1276 1524 si
1304 1472 1457 1524 Status
1485 1473 1678 1525 Medio-

160 1545 364 1599 lanenfis
378 1547 515 1599 urbes
541 1547 846 1599 validioribus
871 1549 1228 1602 munitionibus
1257 1549 1448 1601 firmatae
1471 1551 1693 1620 fuissent.-

160 1625 470 1676 Antemurale
497 1623 641 1677 veluti
657 1623 721 1676 est
738 1627 1020 1697 Regnorum
1036 1629 1265 1679 omnium
1283 1628 1575 1680 Monarcliiae
1591 1628 1676 1679 Hi·

159 1702 361 1772 spanicae
376 1740 389 1764 ,
417 1717 558 1772 atque
574 1717 760 1771 propter
776 1702 1016 1753 suammet
1047 1703 1340 1757 securitatem
1358 1703 1676 1757 laborandum

1705 753 1786 787 buret
1802 754 1873 796 igni.

1706 801 1756 836 Ps.
1783 808 1840 846 46.
1863 812 1918 834 ιο.

158 1777 518 1831 effetomnibus
545 1820 559 1840 ,
599 1793 650 1828 ut
670 1777 1011 1830 Statumillum
1035 1779 1282 1832 fortiorem
1301 1780 1545 1832 redderent
1577 1804 1588 1830 ε
1626 1780 1680 1834 etl
1708 1780 1711 1781 ⁷

158 1857 294 1909 enim
310 1855 491 1906 ratione
509 1896 520 1916 ‚
540 1854 590 1903 &
604 1853 861 1906 accedente
878 1857 1017 1905 maris
1035 1856 1244 1922 potentia
1257 1883 1272 1911 ³
1301 1858 1582 1910 Monarcliia
1600 1857 1679 1909 fir-

160 1953 242 1986 ma
260 1934 308 1983 &
323 1930 602 1985 inconcuffa
617 1947 926 1999 permaneret.
960 1931 1239 1984 Hominum
1256 1934 1403 1984 animi
1419 1967 1434 1988 2
1472 1932 1501 1983 si
1520 1933 1590 1987 vel
1606 1949 1679 1984 et·-

158 2014 252 2082 jam
284 2009 581 2061 adamantini
611 2007 701 2058 sint
728 2035 745 2063 ³
777 2008 1077 2058 moeniorum
1108 2007 1439 2061 defenfionem
1465 2010 1678 2080 supplere

161 2103 424 2158 nequeunt.
468 2083 666 2149 Qibus
694 2087 804 2156 quia
832 2088 931 2134 Rex
962 2084 1138 2136 Witiza
1166 2085 1406 2156 plerasque
1440 2087 1678 2156 Hispaniae

163 2167 300 2220 urbes
316 2161 571 2214 nudaverat
589 2206 600 2225 ,
631 2162 784 2212 Mauri
803 2179 909 2212 eam
926 2161 1144 2214 invadere
1159 2161 1340 2235 ingressi
1358 2164 1382 2213 s
1378 2184 1405 2214 u
1415 2180 1465 2214 nt
1479 2198 1494 2219 ,
1520 2163 1678 2216 subla-

166 2248 225 2297 tis
241 2243 471 2295 nimirum
490 2239 579 2290 illis
594 2239 836 2312 aggeribus
852 2273 866 2293 ,
882 2239 962 2311 qui
981 2256 1148 2290 eorum
1168 2239 1516 2294 incursionibus
1533 2242 1682 2313 usque

161 2321 224 2375 eo
240 2319 637 2371 restiterantNon
655 2333 754 2366 tam
773 2334 990 2368 curarum
1007 2316 1251 2390 negligens
1266 2317 1353 2370 fuit
1372 2318 1608 2391 Augustus
1626 2320 1676 2371 in

163 2392 566 2468 amplissimailla2
594 2392 684 2468 qua
714 2392 981 2455 fruebatur,
1005 2412 1143 2463 pace5
1170 2395 1288 2466 quin
1317 2395 1490 2447 reditus
1517 2395 1680 2465 publi·

165 2495 248 2529 cos
275 2472 504 2535 instituit,
530 2472 645 2522 &in
660 2471 815 2523 aerario
848 2469 1024 2541 deponi
1048 2471 1196 2540 julsit,
1223 2487 1275 2523 ut
1304 2472 1437 2536 effet,
1465 2472 1599 2544 quod
1625 2475 1676 2525 in

161 2555 380 2623 sumptus
398 2549 619 2601 militares
634 2591 646 2613 ,
665 2546 791 2600 bello
808 2547 930 2599 forte
944 2549 1212 2621 ingruente,
1232 2549 1505 2620 suppeteret.
1533 2551 1577 2602 Si
1593 2569 1681 2620 pa.

165 2632 231 2685 cis
256 2645 469 2697 tempore
500 2627 614 2679 vires
638 2643 742 2676 non
770 2640 1094 2688 exerceantur,
1122 2626 1168 2676 ὅ(
1190 2626 1365 2679 bellicis
1382 2627 1554 2678 artibus
1571 2646 1676 2679 non

163 2707 452 2761 instruantur
469 2704 618 2755 animi
638 2746 650 2766 ,
681 2701 840 2755 minus
858 2703 904 2754 id
923 2700 1015 2753 fieri
1034 2704 1203 2772 poterit
1221 2747 1233 2767 ,
1261 2704 1460 2776 quando
1477 2704 1678 2756 invasio..

161 2787 236 2839 nis
250 2781 515 2856 periculum
530 2798 704 2832 omnes
718 2783 813 2851 jam
826 2780 874 2832 in
894 2798 1117 2850 pavorem
1135 2779 1314 2832 dederit
1330 2813 1344 2837 2
1379 2782 1436 2832 de
1450 2782 1559 2855 fuga
1577 2801 1678 2834 ma-

160 2863 234 2938 gis
250 2857 579 2929 servandisque
594 2858 826 2920 fortuniS,
864 2856 1016 2930 quarn
1047 2855 1105 2908 de
1129 2857 1407 2910 defensione
1432 2859 1675 2912 sollicitos.

159 2938 373 2992 Nullum
402 2939 553 3004 majus
571 2935 845 3009 stratagema
865 2972 878 2997 ,
904 2932 1053 3005 quam
1079 2935 1310 3008 Regnum
1342 2935 1539 3007 aliquod
1570 2939 1675 2991 otio

159 3015 248 3072 suo
261 3016 311 3065 ὃς
324 3014 469 3087 quieti
486 3012 765 3085 relinquere.
780 3012 1046 3065 Deficiente
1060 3014 1277 3065 exercitio
1299 3013 1514 3076 militari,
1532 3014 1674 3068 virtus

160 3111 359 3171 quoque
383 3089 558 3145 deficit.
599 3090 766 3146 Vbivis
791 3105 1015 3144 terrarum
1044 3092 1224 3145 Natura
1254 3109 1459 3166 magnos
1482 3093 1674 3146 animos

922 3169 971 3221 N
990 3185 1025 3221 n
1043 3185 1076 3222 n
1108 3185 1133 3218 2
1562 3187 1679 3242 pro-
