2394 3768
728 343 803 380 ,η
1100 315 1410 359 DIDACI
1466 316 1910 357 SAAVEDRAE

726 396 912 471 potuit,
944 409 1036 444 nec
1065 406 1226 440 tamen
1259 388 1498 439 thesauros
1528 402 1647 439 tunc
1674 385 1949 457 expetfmbat
1978 404 2249 454 extrane03‚

727 488 1002 542 temporum
1019 467 1195 537 injuriis
1210 467 1260 516 ὃ(
1277 464 1490 516 hostibus
1505 463 1912 534 expofitos,usque
1931 463 2048 518 dum
2065 471 2245 519 Canta-

726 550 813 601 bro
827 546 1019 600 cuidam
1039 562 1116 615 per
1132 562 1259 594 mare
1275 542 1460 594 vastum
1475 540 1711 593 oberranti
1730 586 1742 605 ‚
1768 540 2084 610 applaudente
2096 545 2248 596 fortu-

723 625 801 689 na,
820 624 972 678 videre
989 622 1141 685 licuit,
1155 622 1201 669 ὅ(
1217 619 1457 692 designare
1473 637 1660 671 novum
1680 618 1893 689 aliquem
1911 618 2100 675 orbem,
2114 617 2249 673 antea

720 701 1031 775 incognitum
1048 733 1064 754 ‚
1092 713 1171 749 aut
1197 697 1320 748 certe
1334 697 1393 746 ab
1413 698 1621 767 antiquis
1646 695 1884 747 oblivioni
1913 694 2137 748 traditum
2155 741 2166 760 ‚
2198 700 2249 747 δε

720 779 879 854 gloriae
895 775 1135 829 Columbi
1152 775 1460 828 reservatum,
1494 774 1576 845 qui
1591 773 1695 843 post
1715 772 1912 842 Hispani
1941 771 2086 835 illius,
2111 775 2250 843 primi

718 854 1185 918 detetstorispbitum
1201 852 1379 921 potitus
1395 849 1820 911 delineationibu5‚
1834 868 1951 922 quas
1966 849 2045 901 ille
2062 851 2249 916 fecerat,

722 935 998 1006 promittere
1015 930 1105 982 aus
1101 947 1153 981 us
1172 929 1276 984 fuit,
1300 927 1603 979 ostensurum
1619 928 1665 978 se
1681 926 1826 997 reipsa
1838 961 1852 981 ,
1874 945 1978 978 non
1995 927 2174 999 absque
2187 933 2249 981 rei

721 1013 913 1066 veritate
930 1008 1139 1061 detec‘lzas
1153 1004 1282 1057 fuiffe
1304 1006 1568 1058 Provincias
1585 1003 1687 1055 illas
1700 1021 1800 1055 tarn
1815 1020 2130 1069 remotaS,nec
2148 1003 2254 1058 abs.

723 1108 821 1160 que
848 1085 1009 1140 caussa
1038 1083 1207 1153 abipsa
1231 1080 1409 1134 Natura
1424 1082 1678 1151 interjectis
1707 1082 1947 1134 undarum
1968 1081 2219 1135 montibus
2237 1127 2249 1147 ‚

725 1182 827 1217 tam
857 1163 1007 1237 longe
1034 1159 1221 1233 politas,
1249 1160 1657 1212 Communicavit
1688 1158 1783 1210 hoc
1825 1158 2080 1212 consilium
2109 1160 2251 1213 suum

727 1260 844 1296 cum
861 1241 987 1293 Viris
1012 1236 1307 1311 quibusdam
1336 1235 1658 1307 principibu5‚
1685 1235 1958 1288 utsubfidio
1983 1238 2252 1291 eorundem

725 1335 828 1372 tarn
845 1317 1066 1380 arduum,
1083 1313 1281 1387 tamque
1294 1312 1487 1366 difficile
1501 1332 1622 1383 opus
1642 1313 1821 1365 facilius
1834 1312 1914 1366 sibi
1932 1316 2117 1388 aggredi
2137 1314 2255 1368 lice-

724 1413 814 1459 ret3
832 1394 997 1450 verum
1017 1412 1169 1446 nemo
1183 1408 1390 1463 repertus
1407 1391 1511 1453 fuit,
1529 1391 1612 1462 qui
1632 1407 1774 1442 tantae
1794 1392 1992 1444 novitati
2005 1392 2152 1444 fidem
2168 1393 2256 1446 ha-

724 1474 869 1528 beret.
886 1471 1042 1540 Qod
1060 1471 1088 1522 fi
1107 1490 1161 1523 ex
1177 1467 1470 1541 providentia
1482 1467 1693 1541 quadam
1707 1471 1888 1521 [δέω-η]
1909 1470 2130 1534 fuisset,&
2146 1489 2253 1523 non

723 1550 882 1623 potius
900 1552 969 1603 ob
999 1549 1290 1618 denegatam
1311 1546 1460 1599 fidem
1475 1586 1488 1610 ,
1510 1545 1769 1616 prudentiae
1786 1546 1978 1598 laudem
2003 1550 2253 1618 promereri

724 1626 983 1701 potuissent
1004 1673 1017 1692 ,
1044 1644 1196 1699 quam
1215 1624 1473 1678 consecuta
1491 1623 1613 1675 olim
1627 1624 1716 1676 fuit
1739 1624 2022 1694 Respublica
2053 1627 2255 1678 Cartha-

724 1705 960 1779 ginenfis‚
992 1702 1193 1777 quando
1209 1702 1499 1772 jactantibus
1518 1701 1563 1752 se
1581 1719 1745 1753 coram
1774 1704 1949 1753 Senatu
1964 1702 2253 1774 quibusdam

725 1783 901 1834 Nautis
927 1781 986 1832 de
1015 1778 1213 1833 inventa
1252 1777 1464 1849 quadam
1495 1776 1653 1829 Insula
1681 1778 1854 1847 opibus
1881 1777 2154 1850 deliciisque
2183 1781 2255 1832 af-

725 1859 908 1910 fluente
927 1857 1042 1926 (His
1036 1854 1281 1926 paniolam
1297 1853 1428 1906 fuisse
1446 1852 1666 1923 credunt)
1685 1853 1885 1907 interfici
1902 1873 1983 1907 eos
1995 1858 2114 1925 justit
2134 1902 2145 1921 ,
2161 1859 2256 1910 exi·

729 1936 928 1987 stimans
943 1934 1070 1985 hanc
1089 1931 1192 1984 talis
1208 1930 1376 1982 Insulae
1400 1929 1731 1983 deteffionem
1747 1931 2038 2002 Reipublicae
2055 1935 2156 2004 plus
2173 1935 2252 1987 de-

729 2012 959 2074 tumenti,
971 2010 1121 2082 quam
1140 2007 1396 2060 commodi
1415 2007 1680 2060 allaturam.
1694 2011 1907 2060 Recurrit
1923 2008 2134 2082 denique
2147 2015 2253 2063 Co-

731 2088 931 2142 lumbus
948 2088 1006 2138 ad
1022 2088 1170 2158 Reges
1194 2084 1472 2136 Catholicos
1486 2118 1501 2139 ‚
1534 2084 1889 2137 ferdinandum
1907 2089 1951 2136 ἃ
1975 2088 2220 2140 Isabellam
2238 2124 2254 2145 ‚

730 2183 942 2239 quorum
959 2160 1171 2236 generosi
1185 2163 1351 2223 animi,
1366 2160 1573 2231 plurium
1591 2162 1783 2212 orbium
1803 2181 2012 2232 capaces,
2029 2184 2132 2216 uno
2147 2165 2254 2218 solo

730 2242 949 2296 contenti
967 2258 1072 2292 non
1089 2256 1220 2290 erant
1240 2241 1346 2310 ,qui
1367 2237 1567 2306 proinde
1586 2236 1700 2289 cum
1719 2237 1868 2290 fidem
1893 2240 1959 2291 illi
1978 2243 2253 2308 tribuissent,

727 2323 775 2372 ὃ(
804 2321 1025 2389 sumptus
1041 2318 1091 2368 in
1107 2317 1190 2367 iter
1206 2314 1484 2368 necessarios
1502 2359 1513 2378 ,
1546 2315 1797 2366 immenfis
1813 2319 1999 2370 Oceani
2031 2319 2257 2373 fluetibus

727 2398 820 2450 sese
839 2392 1082 2450 commisit
1098 2435 1110 2455 ‚
1141 2394 1190 2443 ὅ(
1208 2393 1312 2464 post
1328 2393 1576 2444 diuturnas
1602 2394 1651 2443 ὅ(
1671 2393 1969 2467 longinquas
1989 2399 2256 2470 navigatio·

729 2495 831 2539 nes,
847 2476 897 2526 in
914 2472 1088 2545 quibus
1104 2490 1209 2522 non
1230 2472 1391 2522 minus
1409 2473 1433 2522 a
1450 2471 1692 2522 sociorum
1709 2468 1971 2524 diffidentia
1989 2519 2000 2537 ,
2015 2493 2164 2546 quam
2180 2478 2255 2528 in·

731 2553 937 2627 cognitis
953 2552 1092 2602 maris
1106 2548 1364 2601 vorticibus
1377 2549 1466 2599 fuit
1483 2548 1674 2619 periculi
1694 2591 1705 2612 ‚
1720 2568 1832 2601 cum
1849 2551 2049 2604 navibus
2063 2572 2176 2604 auro
2191 2572 2256 2606 ar-

729 2628 978 2704 gentoque
991 2626 1174 2678 onustis
1188 2627 1237 2677 in
1259 2626 1540 2696 Hispaniam
1557 2624 1706 2678 rediit.
1739 2626 2008 2681 Admiratus
2025 2630 2088 2680 est
2101 2650 2257 2702 popu·

731 2709 806 2761 lus
823 2707 882 2759 ad
897 2707 1048 2777 ripam
1065 2704 1194 2755 Baetis
1214 2703 1444 2775 pretiosos
1458 2701 1567 2753 illos
1586 2719 1707 2753 terrae
1721 2720 1898 2774 partus,
1924 2708 2162 2759 Indorum
2179 2708 2254 2761 su-

733 2786 848 2836 dore
866 2786 1127 2853 protractos
1154 2783 1204 2833 in
1235 2785 1398 2833 lucem
1416 2823 1427 2842 ‚
1451 2780 1501 2828 ὅι
1534 2779 1692 2832 nostra
1717 2779 1943 2833 advectos
1972 2783 2164 2839 audacia
2188 2801 2254 2838 at·

733 2858 1080 2935 queindustrizi.
1109 2855 1291 2911 Verum
1317 2873 1478 2908 totum
1497 2855 1592 2908 hoc
1610 2858 1798 2909 invertit
1824 2859 1982 2927 postea
2014 2878 2252 2914 tantarum

734 2957 887 3009 opum
912 2935 1123 3009 poslessio
1146 2936 1196 2986 ὃ(
1224 2933 1545 2986 abundantia.
1588 2935 1714 2987 Stitit
1743 2935 1872 2987 illico
1899 2954 2101 2991 aratrum
2133 2937 2253 3011 agri-

736 3017 917 3069 cultura
937 3059 948 3076 ,
975 3013 1138 3080 &jam
1165 3013 1365 3065 sericum
1393 3009 1563 3065 induta
1586 3009 1785 3064 mollius
1810 3011 1977 3066 habuit
2005 3015 2198 3068 callosas
2224 3018 2249 3071 a

737 3092 895 3144 labore
924 3107 1111 3142 manus·
1146 3091 1415 3142 Mercatura
1432 3087 1616 3141 altiores
1642 3088 1837 3142 sumens
1851 3093 2042 3144 animos
2068 3094 2253 3144 mensas

2089 3187 2253 3243 argen-
