2394 3768
733 346 810 386 532
1051 323 1907 367 DIDACISAAVEDRAE

728 396 899 453 sensim
916 393 973 447 ad
991 390 1181 445 easdem
1211 388 1498 446 assuefarftae,
1516 387 1873 443 adulationibus
1898 391 2040 444 etiam
2059 392 2258 445 assenta-

730 493 892 528 torum
922 470 1098 523 deinde
1116 467 1265 521 fidem
1281 467 1478 520 habent.
1512 468 1705 520 Facetiae
1728 467 1926 519 illorum
1949 469 2149 522 arrident
2164 490 2252 524 vo-

728 551 904 605 luntati
921 594 933 615 ,
966 549 1078 621 quia
1093 546 1243 618 turpia
1267 543 1489 617 quaedam
1517 544 1722 598 miscent
1749 544 2051 597 interdurn&
2071 548 2253 602 vitiosa.

728 627 885 695 Qod
904 626 934 679 fi
951 624 1191 697 ejusmodi
1220 622 1537 676 deliramenta
1563 639 1773 676 recreent
1788 624 2039 685 animum,
2070 624 2255 696 quanto

729 705 883 781 magis
908 704 956 757 id
972 701 1255 776 praestabunt
1281 701 1527 753 sententiae
1550 702 1807 753 concinnae
1835 703 1883 751 ὃ(
1902 700 2134 772 exquifitae
2165 702 2256 755 do·

728 788 920 836 <storum
939 784 1148 838 virorum
1166 812 1181 836 2
1211 779 1416 852 quinon
1433 776 1523 830 fint
1541 778 1752 830 nimium
1769 798 1927 850 graves
1947 799 1999 831 ac
2015 780 2151 831 severi
2169 783 2186 850 (
2202 781 2253 833 in

726 881 828 935 quo
843 861 923 932 ipsi
937 875 1136 933 peccant
1153 858 1552 929 nonnunquam)
1570 854 1649 908 sed
1665 858 1746 929 qui
1761 856 1932 910 festivis
1958 856 2252 928 quibusdam

725 939 1089 993 sermonibus&
1107 934 1244 989 acute
1259 933 1397 986 dietis
1414 932 1577 986 norint
1595 934 1641 987 se
1668 935 2044 987 accommodare
2060 953 2254 1006 tempo-

722 1018 789 1070 ri?
825 1018 869 1069 Si
885 1015 1058 1087 volupe
1075 1013 1134 1067 est
1155 1012 1309 1067 videre
1321 1030 1492 1083 corpus
1505 1010 1700 1085 aliquod
1724 1012 2052 1064 monstrosum
2071 1058 2083 1077 ‚
2115 1013 2250 1085 quod

723 1095 952 1148 nauseam
972 1090 1237 1166 aliquando
1255 1106 1450 1153 movet,
1465 1088 1653 1164 quanto
1669 1091 1750 1142 erit
1763 1091 2021 1160 jucundius
2041 1093 2252 1162 percipe-

721 1191 769 1224 re
785 1171 974 1226 auribus
991 1187 1065 1224 tot
1079 1167 1380 1243 prodigiosos
1391 1171 1583 1221 Naturae
1597 1168 1791 1220 abortus
1803 1202 1818 1224 2
1848 1168 2058 1237 ejusdem
2076 1188 2215 1237 opera
2236 1210 2249 1234 ‚

721 1251 771 1302 &
805 1268 973 1305 arcana
1003 1245 1147 1321 plane
1173 1245 1534 1299 extraordinaria
1567 1252 1581 1297 ἒ
1627 1249 1701 1298 De
1732 1246 1981 1298 Anacharsi
2009 1265 2246 1299 memorat

473 1329 695 1376 Athen⁴¹ib³4
721 1326 976 1381 Athenaeus
993 1371 1005 1391 ,
1027 1326 1179 1379 accitis
1193 1326 1243 1378 in
1267 1325 1546 1377 convivium
1554 1325 1709 1399 peritis
1721 1323 1785 1375 ad
1799 1324 1934 1395 nsum
1951 1341 2251 1376 commoven-

718 1403 833 1458 dum
849 1401 1110 1459 hominibus
1125 1436 1143 1457 2
1152 1400 1303 1474 solum
1317 1404 1522 1455 omnium
1540 1420 1629 1454 non
1645 1397 1771 1471 rififfi’
1784 1419 1801 1465 3
1810 1404 1909 1476 pbs‘l
1921 1415 2077 1453 autem
2106 1401 2247 1453 indu-

718 1481 796 1540 d't'a‘*
811 1485 849 1535 S
850 1479 967 1538 imici
980 1483 1029 1535 in
1042 1482 1179 1554 rifitm
1187 1478 1396 1553 solutum
1407 1476 1567 1549 dixiſje
1584 1500 1600 1530 .·
1619 1478 1685 1532 N
1685 1476 1831 1534 Wturd
1844 1478 1894 1532 id
1907 1476 1984 1549 effe
1997 1477 2182 1531 animal
2189 1482 2227 1532 ri
2234 1510 2250 1519 -

714 1560 937 1627 diculum,
952 1558 1183 1614 hominem
1195 1570 1353 1611 autem
1366 1570 1463 1610 arte
1476 1563 1543 1617 (ς’
1549 1554 1716 1629 studio,
1727 1553 2036 1632 eo'quepamm
2049 1554 2244 1609 honesto.

715 1641 877 1693 Gravis
893 1637 1129 1691 modestia
1147 1635 1245 1688 haec
1262 1635 1354 1688 fuit
1373 1681 1385 1700 ‚
1412 1636 1459 1685 δε
1478 1636 1627 1709 digna
1642 1637 1784 1686 etiam
1805 1633 1950 1709 Regia
1981 1635 2241 1704 Majestate.

713 1716 1045 1789 Exploratores
1060 1713 1242 1786 publici
1265 1714 1314 1765 in
1334 1712 1450 1766 aulis
1468 1713 1578 1765 sunt
1606 1711 1871 1764 istiusmodi
1886 1713 2132 1764 moriones
2152 1757 2164 1777 ,
2193 1713 2245 1764 ὃς

713 1798 795 1867 qui
815 1792 1116 1848 velmaxirne
1134 1808 1296 1842 earum
1323 1804 1636 1856 corrumpant
1669 1807 1854 1843 mores,
1890 1789 2048 1840 immo
2065 1791 2146 1861 qui
2164 1790 2244 1861 ipfi

712 1872 816 1924 vitae
830 1873 874 1921 ὃ(
897 1869 1045 1921 Statui
1065 1866 1337 1936 Principum
1354 1863 1543 1916 insidias
1563 1863 1824 1917 machinari
1842 1865 2039 1917 soleant.
2070 1867 2242 1931 Quam

712 1948 780 2001 ob
795 1967 897 2000 rem
913 1941 1121 1998 minime
1136 1961 1219 1995 eos
1236 1941 1433 1994 tolerare
1449 1942 1707 1995 voluerunt
1725 1943 1956 2016 Augustus
1971 1946 2020 1994 ὃ(
2039 1944 2243 1998 Alexan-

712 2025 791 2077 der
822 2027 1016 2078 Severus
1058 2024 1388 2088 Imperatore&
1431 2018 1505 2070 Ad
1529 2037 1689 2071 unum
1719 2019 1840 2072 illud
1867 2022 2067 2091 prosunt
2092 2023 2242 2076 inter·

710 2101 906 2168 dum‚ut
920 2098 1097 2169 abrepti
1113 2096 1272 2148 furore
1297 2096 1386 2148 suo
1404 2094 1604 2148 naturali
1619 2097 1860 2149 veritatem
1878 2098 2042 2152 dicant
2061 2101 2240 2154 Princi-

709 2180 864 2252 pibus.

828 2261 882 2315 5.
914 2251 1162 2306 Nonnulli
1188 2250 1423 2321 Principes
1439 2267 1495 2301 ex
1526 2251 1661 2302 inani
1685 2249 1896 2323 quadarn
1923 2255 2235 2328 negotiorum

710 2335 921 2411 gloria&
940 2330 1210 2385 ambitione
1223 2327 1248 2381 a
1261 2326 1554 2403 gravioribus
1580 2329 1792 2399 respirare
1810 2330 1855 2381 se
1870 2347 2041 2401 putant
2055 2376 2068 2395 ,
2093 2331 2124 2383 si
2142 2335 2238 2386 mi-
2374 2394 2376 2399 ,

465 2452 477 2468 .
496 2448 573 2478 sm
597 2441 684 2477 onera
711 2412 911 2466 noribus
928 2409 1021 2463 sese
1037 2406 1325 2480 impendant
1342 2451 1355 2472 ,
1378 2404 1506 2458 haud
1525 2406 1655 2458 secus
1669 2427 1723 2459 ac
1741 2406 1815 2479 pili
1837 2410 1965 2460 canis
1988 2409 2239 2482 rabiofiip·

454 2493 686 2588 Zissffgssffpo
709 2491 799 2544 fius
811 2488 1022 2561 ejusdem
1041 2484 1271 2539 morfioni
1305 2483 1576 2536 medentur.
1608 2483 1788 2537 Verum
1807 2487 1917 2557 quia
1935 2506 2040 2538 non
2058 2507 2236 2541 omnes

462 2592 682 2625 remfracst.
711 2570 860 2622 animi
876 2567 965 2620 isto
979 2563 1137 2617 modo
1152 2563 1291 2617 levari
1307 2559 1501 2634 poffunt
1515 2605 1528 2626 ,
1545 2580 1701 2635 neque
1714 2563 1807 2615 ulla
1828 2566 2136 2638 negotiorum
2154 2586 2237 2619 oc-

461 2638 553 2726 ξω·
570 2640 686 2675 A¹¹”2¹·
711 2648 904 2719 cupatio
920 2661 1021 2697 tam
1040 2643 1205 2716 exigua
1222 2641 1300 2705 est,
1311 2640 1430 2714 quin
1447 2640 1655 2712 aliquam
1673 2640 1879 2712 postulet
1893 2644 2233 2707 attentionem,

495 2709 576 2738 ''¹³‘'
598 2715 684 2749 '¹⁸³⁰'
709 2745 814 2799 quae
830 2723 889 2777 ad
910 2724 1134 2777 animum
1165 2717 1469 2794 fatigandum
1495 2716 1695 2772 sufficiat
1714 2763 1725 2782 ‚
1753 2736 1943 2789 oportet
1959 2765 1971 2785 ‚
2003 2737 2055 2772 ut
2072 2721 2234 2794 aliquo

463 2759 509 2790 tia
523 2750 618 2799 magis
639 2756 683 2787 lu-

463 2806 503 2838 ‘fi‘
517 2800 552 2849 ‘ss
564 2799 681 2835 “¹⁶⁷²‘'‘72
712 2803 880 2856 saltem
897 2799 1127 2871 temporis
1140 2798 1290 2869 spatio
1305 2796 1425 2850 curis
1447 2798 1661 2848 omnino
1673 2813 1802 2849 vacet
1819 2831 1834 2853 ,
1852 2800 1900 2848 δε
1917 2797 2232 2870 gubernatio-

460 2851 686 2936 Ziss‘iissssi‘ff'
716 2899 832 2934 nem
847 2879 1047 2951 seponat
1062 2888 1077 2909 ⁶
1093 2874 1246 2928 tantis
1239 2873 1514 2945 per-Aliqua
1526 2873 1832 2937 remissi0‚aut
1849 2877 1990 2928 ludus
2003 2876 2127 2928 inter
2142 2895 2229 2928 ne-

463 2961 533 3033 2¹22„
543 2951 673 3039 ἴεζξζξῇζ,
712 2961 844 3034 gotia
871 2953 1143 3026 interponis
1149 2952 1292 3004 debet
1306 2991 1320 3015 ,
1346 2967 1398 3003 ut
1413 2970 1474 3003 ne
1488 2950 1559 3003 his
1572 2951 1760 3023 penitus
1775 2953 2002 3005 obruatur
2021 2955 2227 3008 animus,

462 3046 610 3092 *fidem-
713 3055 805 3090 nec
818 3053 932 3088 eum
952 3032 1114 3105 perdat
1130 3034 1306 3083 otium:
1321 3029 1468 3082 molae
1483 3031 1616 3081 enim
1632 3031 1949 3083 frumentariae
1968 3030 2126 3083 fimilis
2144 3029 2225 3083 est,

466 3091 684 3185 ἓζῖᾖιξδξὸ
708 3133 814 3188 quae
827 3112 860 3168 fi
872 3131 980 3167 non
993 3108 1164 3165 habeat
1179 3153 1193 3174 ‚
1208 3107 1345 3182 quod
1360 3107 1516 3162 molat
1532 3141 1548 3164 2
1564 3107 1761 3179 seipsam
1776 3110 1943 3163 atterit.
1980 3112 2225 3161 Innocen-

2133 3200 2225 3237 tius
