2394 3768
148 295 245 357 rie
264 292 297 354 e
319 285 641 354 tredecim
664 284 805 367 jam
825 275 1189 346 Caesaribus
1211 325 1226 349 ,
1245 257 1541 362 Regibus
1559 273 1663 339 ve}-

151 396 234 460 τὸ
256 397 468 481 prope
499 388 857 453 innumeris
876 381 1159 457 traxisti,
1189 385 1390 469 athe
1421 379 1550 444 una
1568 378 1659 443 et-

142 500 281 582 jam
311 499 591 563 virtutes
613 544 627 565 ‚
665 487 908 578 quibus
944 489 1230 571 Majores
1267 484 1356 549 illi
1372 482 1509 546 Tui
1540 480 1661 546 cla-

153 617 456 667 ruerunt.
489 601 539 661 E
571 594 889 661 tredecim
922 588 1288 658 Caesaribus
1309 634 1324 659 ‚
1356 589 1660 673 inquam3,

153 727 300 795 quae
322 720 500 769 tanta
517 699 734 786 stirpis
756 694 1005 765 Vestrae
1026 690 1390 759 Austriacae
1415 687 1508 755 est
1523 688 1664 773 glo·
1687 740 1691 744 .

151 813 270 884 ria,
285 826 360 874 ut
376 806 459 873 ad
479 802 766 890 ejusdem
786 794 1435 875 commendationem
1459 795 1665 878 majus

48 986 49 989 ,
152 912 402 1005 aliquid
421 912 550 980 dici
567 927 681 976 aut
699 909 1065 995 excogitari
1095 914 1199 970 vix
1216 899 1373 991 poffi
1386 914 1430 967 t.
1475 892 1671 985 Quid

151 1023 322 1088 enim
343 1023 410 1083 in
427 1018 610 1081 omni
626 1015 1006 1098 Principum
1024 1007 1266 1075 familia
1280 1010 1576 1094 unquam
1601 1000 1669 1066 fi-i·

152 1124 304 1192 mile
338 1135 358 1189 ?
390 1126 463 1186 In
486 1121 616 1185 una
653 1117 868 1205 aliqua
888 1116 1119 1178 Domo
1141 1111 1320 1178 ultra
1339 1108 1533 1182 du05,
1554 1121 1671 1171 aut

155 1251 290 1299 tres
310 1226 392 1294 ad
421 1227 593 1292 illam
608 1222 878 1310 Imperii
910 1217 1295 1306 dignitatem
1314 1202 1675 1302 perv'eniffe

152 1339 264 1402 vix
282 1333 680 1420 reperimus;
718 1321 1004 1391 &Iulius
1024 1317 1185 1404 ipse,
1224 1316 1526 1378 omnium
1547 1310 1676 1392 pri-

154 1462 302 1504 mus
318 1488 331 1512 ,
364 1432 742 1521 adoptionis
776 1419 1101 1488 beneficio
1120 1467 1135 1490 ,
1165 1434 1301 1481 non·
1318 1411 1430 1482 nifi
1446 1415 1525 1475 ad
1541 1409 1672 1475 sex-

157 1560 307 1611 tum
344 1539 553 1626 usque
582 1530 780 1599 fasces
818 1542 1194 1615 prorogare
1238 1520 1512 1609 potuit:
1544 1513 1681 1580 sola

158 1646 669 1731 Austriacorum
701 1633 977 1706 familia,
1008 1645 1119 1695 tot
1150 1619 1681 1715 Imperatoribus

153 1746 492 1825 foecunda,
511 1724 837 1809 hactenus
850 1737 1073 1803 extitit
1096 1774 1112 1806 ,-
1131 1747 1210 1797 ut
1226 1727 1327 1797 vel
1344 1727 1479 1794 hoe
1494 1741 1685 1812 argus

159 1871 391 1926 mento
411 1855 447 1916 e
479 1846 641 1915 caelo
657 1847 722 1909 in
742 1858 950 1911 terras
990 1834 1071 1902 ad
1102 1831 1310 1900 Orbis
1331 1825 1688 1897 Christiani

161 1961 517 2050 imperium
539 1944 791 2038 delapsa
808 1943 1132 2013 videatur..
1169 1934 1426 2005 Nunefi
1446 1957 1523 2000 ex
1537 1930 1682 2019 ipso

167 2072 364 2138 etiam
382 2066 431 2128 F
449 2088 482 2124 E
495 2084 532 2122 R
550 2083 588 2121 D
603 2082 619 2117 1
632 2081 675 2120 N
689 2078 778 2118 AN
792 2077 832 2115 D
853 2076 871 2112 1
900 2054 1168 2116 nomine
1197 2039 1593 2134 capiendum
1607 2035 1691 2101 fit>

167 2169 524 2259 augurium
545 2213 560 2236 ,
601 2156 769 2250 quid
798 2138 880 2222 de
910 2151 1122 2241 Regia
1157 2147 1307 2213 Tua
1342 2138 1688 2227 Majestate

168 2292 505 2362 magnum,
524 2260 692 2358 quid
706 2262 1019 2330 eximium
1039 2253 1300 2345 sperare
1315 2269 1451 2314 non
1466 2247 1683 2314 liceat?

166 2382 394 2451 Plures·
436 2372 642 2456 hujus⁴
679 2366 993 2431 Nominis
1024 2365 1090 2427 in
1126 2357 1302 2424 avita
1340 2357 1412 2422 δε
1457 2353 1564 2421 illu
1577 2350 1694 2415 stri

169 2479 478 2569 Prosapia
505 2475 656 2540 Tua
688 2457 1503 2535 habuistiAnteceffores‚
1540 2457 1577 2520 a
1595 2475 1695 2518 rea-

170 2610 325 2658 rum
377 2579 712 2673 gestarum·
771 2566 1230 2658 magnitudine
1272 2566 1345 2628 δε
1379 2561 1696 2625 felicitate

175 2710 405 2758 omnes
437 2684 893 2764 vereMagnos
913 2725 928 2746 ‚
969 2675 1041 2738 &
1056 2684 1213 2735 toto
1232 2660 1424 2729 Orbe
1442 2656 1698 2744 conspi-

178 2817 361 2863 cuos.
407 2791 630 2875 Atque
656 2795 733 2848 u't
755 2777 847 2844 ab
878 2770 1182 2862 Hispanis
1218 2771 1288 2834 &
1320 2763 1700 2830 remotiori-

177 2899 305 2966 bus
353 2890 697 2961 ordiamur
718 2934 733 2961 ,
770 2879 1180 2951 confidenter
1229 2868 1512 2934 dicimus
1533 2914 1549 2937 ,
1584 2866 1701 2927 ima

183 3000 466 3073 mensam
482 2995 654 3062 illam
672 2984 1081 3059 Monarehiae
1098 2975 1465 3062 Hispanicae
1485 2967 1707 3054 amplis

1082 3085 1127 3128 4
1166 3114 1197 3157 4
1531 3069 1711 3139 liudi-⁴
