2394 3768
679 325 762 363 372
1070 290 1388 346 DinAci
1445 302 1910 349 sAAvEDRAE

675 381 781 435 liora
794 372 1112 450 magnitudine
1122 392 1292 432 rerum,
1308 370 1541 447 hebescunt
1553 371 1651 428 alii.
1677 375 1843 428 Minus
1861 374 2123 446 periculosa
2138 391 2234 430 erat

679 458 823 529 Regis
856 454 1057 523 Philippi
1076 451 1287 505 Secundi
1305 451 1551 527 diligentia
1569 494 1582 515 ‚
1620 454 1703 524 qui
1719 456 1769 505 in
1795 452 1897 524 ipsis
1913 455 2155 525 plantariis
2169 471 2238 507 te-

681 535 889 587 neriores
904 530 1177 584 arbusculas
1191 527 1444 604 diligenter
1460 530 1740 600 inspiciebat
1754 575 1766 594 ,
1779 532 1824 579 ὃ(
1844 530 2119 607 designabat
2132 531 2239 585 ani-

681 629 802 666 mo,
840 627 947 681 quae
964 608 1189 661 transsatae
1217 607 1377 678 postea
1393 607 1452 661 ad
1468 607 1877 683 gubernationem
1892 608 1969 661 seu
1989 609 2241 681 politicam
2330 663 2332 666 ,

682 691 764 744 seu
796 685 1171 740 Ecclesiasticam
1204 685 1417 738 fruc‘tum
1440 685 1709 758 aliquando
1735 684 1883 738 essent
1916 686 2150 751 allaturae,
2187 688 2240 739 &
2374 671 2387 992 ὅ

2381 1108 2387 1131 l

2324 82 2374 254 ‘i

2327 258 2375 378 l

683 766 828 822 ante,
859 764 1010 837 quam
1034 765 1144 820 vitia
1161 781 1314 837 tegere
1331 761 1480 835 posset
1495 764 1701 817 ambitio
1717 799 1733 820 ,
1774 783 1852 835 per
1868 764 2062 817 secretas
2085 766 2242 818 infor-

683 845 926 899 mationes
954 845 1004 897 in
1030 858 1163 896 aetate
1193 860 1356 894 earum
1380 841 1579 910 juvenili
1604 840 1913 904 observabat,
1949 861 2074 894 num
2115 841 2243 895 reeta

682 920 867 976 sursum
885 919 1181 997 assurgerent,
1200 939 1262 971 an
1275 918 1512 972 contrairi
1529 919 1792 992 obliquum
1809 918 2131 975 deflecterent,
2151 920 2238 973 ha-

683 1000 926 1072 bebatque
955 1016 1101 1053 certas
1118 1014 1259 1049 notas
1271 996 1330 1048 de
1355 998 1701 1069 praecipuorum
1718 999 1916 1050 suorum
1935 997 2243 1050 subditorum

683 1077 936 1134 virtutibus
968 1079 1017 1129 ὅ(
1047 1076 1191 1141 νίῑίὶε,
1227 1077 1296 1127 Ita
1325 1075 1512 1128 facturn
1531 1118 1543 1139 ,
1578 1092 1630 1127 ut
1655 1094 1832 1127 ornnes
1856 1077 1953 1145 ejus
1981 1075 2241 1128 electiones

680 1157 857 1211 fuerint
875 1158 1074 1227 optirnae
1088 1198 1102 1217 ,
1134 1152 1480 1225 floruerintque
1496 1154 1618 1206 illius
1634 1171 1851 1223 tempore
1875 1154 1956 1205 viri
1974 1152 2117 1224 plane
2133 1152 2245 1205 infi-

681 1252 801 1309 gnes
820 1279 833 1299 ‚
869 1235 922 1286 in
956 1232 1272 1307 dignitatibus
1302 1233 1551 1302 praesertim
1584 1230 1911 1284 Ecclesiasticis
1929 1253 1938 1279 τ
1957 1250 2073 1282 narn
2102 1231 2243 1284 satius

422 1304 585 1392 {agithicn
600 1304 650 1340 Vi·
679 1312 875 1384 putabat
891 1311 1057 1384 eligere
1074 1307 1228 1386 officiis
1242 1327 1297 1360 ac
1307 1306 1782 1362 adminifimtionibus
1800 1307 1951 1383 potins
1966 1327 2059 1360 non
2079 1324 2246 1385 pecca-

500 1369 521 1404 g
570 1380 578 1388 ⁰
675 1403 797 1444 turos
826 1435 839 1453 ,
873 1387 1018 1465 qudm
1049 1388 1275 1440 damnare
1294 1433 1306 1451 ‚
1330 1387 1435 1440 citm
1455 1383 1749 1462 peccaſjenxt).
1795 1391 2113 1440 Fortunaturn
2147 1389 2247 1438 Re-

674 1487 835 1545 gnum
855 1513 866 1533 ,
883 1472 932 1520 in
952 1487 1054 1540 quo
1075 1486 1167 1520 nec
1184 1467 1459 1528 ambitioni,
1483 1485 1572 1516 nec
1591 1465 1821 1536 precibuS‚
1838 1483 1928 1518 nec
1942 1463 2245 1518 sollicitatio-

677 1548 822 1601 nibus
837 1547 975 1601 locus
991 1545 1072 1609 est,
1086 1547 1137 1598 ὃ(
1151 1545 1234 1598 ubi
1252 1545 1397 1598 virtus
1410 1544 1553 1596 etiam
1569 1542 1820 1595 recondita
1834 1562 1925 1596 nec
1943 1541 2111 1595 libello
2131 1543 2245 1614 sup-

677 1625 789 1698 plici
803 1643 926 1697 opus
944 1623 1105 1688 habet,
1122 1642 1214 1676 nec
1232 1621 1465 1676 relatione
1483 1621 1685 1674 aliorum
1705 1665 1717 1685 ‚
1750 1637 1803 1672 ut
1817 1622 2056 1691 perveniat
2071 1618 2130 1673 ad
2152 1639 2240 1673 au-

679 1722 748 1755 res
775 1702 999 1773 Principis
1019 1746 1032 1763 ‚
1060 1705 1144 1773 qui
1173 1699 1481 1752 subditorum
1510 1699 1736 1751 notitiam
1752 1697 1833 1750 sibi
1852 1699 1952 1769 ipse
1976 1714 2242 1768 comparat.

421 1778 531 1864 ἷῖῑῑι·
551 1779 648 1824 ¹5¹³·4·
679 1783 783 1832 Fuit
798 1799 851 1831 ea
864 1777 1125 1849 quondam
1142 1777 1244 1829 laus
1258 1776 1433 1827 Tiberii
1450 1776 1750 1845 Imperatoris
1768 1819 1780 1839 ,
1797 1774 2013 1848 quiastne
2025 1771 2243 1829 ambitio-

479 1842 517 1864 Μ
534 1855 541 1863 ’
677 1877 750 1918 ne,
764 1869 846 1907 aut
856 1855 1169 1928 proximorum
1175 1849 1397 1929 precibus}
1411 1854 1581 1924 ignotos
1591 1854 1754 1916 aiam,
1766 1871 1819 1904 ac
1829 1850 1945 1905 ultro*
1959 1854 2119 1905 accitos
2133 1871 2239 1905 mu-

675 1928 908 2007 nificentici
918 1932 1138 2006 juverant.
1181 1931 1382 1981 Aurium
1400 1947 1600 1980 examen
1619 1929 1678 1981 ab
1705 1929 1800 1982 alio
1818 1929 1997 1998 pendet
2014 1973 2025 1993 ,
2064 1930 2238 1983 oculo·

677 2030 787 2064 rum
805 2010 864 2062 ab
883 2009 988 2079 ipso
1008 2009 1239 2078 Principe.
1279 2006 1373 2058 lllae
1387 2006 1538 2075 decipi
1555 2004 1750 2077 poss'unt
1767 2052 1778 2069 ‚
1798 2006 1844 2059 hi
1861 2026 1966 2059 non
1983 2008 2127 2059 item:
2144 2008 2237 2060 illae

675 2090 902 2142 animum
918 2085 1158 2138 instruunt
1172 2083 1362 2146 solum5
1384 2082 1430 2134 lii
1448 2083 1689 2135 instruunt
1705 2119 1722 2139 ‚
1748 2085 1797 2134 ὅ(
1816 2099 2020 2138 movent
2036 2124 2050 2148 ,
2076 2083 2239 2137 immo

674 2164 805 2240 quasi
821 2165 864 2219 vi
882 2161 1095 2236 quadam
1113 2161 1373 2233 impellunt
1392 2161 1450 2212 ad
1470 2160 1846 2214 misericordiam
1865 2207 1878 2226 ,
1921 2177 2002 2214 aut
2032 2161 2092 2215 ad
2117 2182 2239 2233 prae-

673 2261 852 2296 mium.

783 2325 837 2378 5.
885 2319 1066 2393 Aliquae
1080 2315 1378 2388 Respublicae
1393 2318 1442 2369 in
1461 2316 1703 2370 eleetione
1736 2317 2070 2369 Ministrorum
2086 2320 2233 2374 etiarn

675 2397 796 2451 sorte
823 2399 916 2450 usae
932 2400 1143 2451 fuerunt.
1185 2398 1242 2446 Et
1259 2395 1445 2466 expedit
1473 2394 1773 2467 quandoque
1807 2396 1866 2446 ad
1884 2394 2233 2451 declinandam

674 2475 907 2530 invidiam
929 2522 942 2541 ‚
967 2477 1016 2527 &
1036 2472 1371 2528 cohibendum
1388 2473 1596 2531 furorem
1615 2474 1948 2525 contentionis
1963 2493 2017 2526 ac
2032 2475 2230 2528 aemula-

678 2556 826 2608 tionis
840 2599 852 2618 ,
880 2553 1011 2606 unde
1028 2552 1164 2606 facile
1181 2552 1420 2603 tumultus
1437 2554 1654 2602 oriuntur
1669 2553 1715 2602 δε
1736 2550 2006 2603 seditiones.
2045 2550 2231 2605 Verum

676 2631 881 2706 quando
899 2651 984 2703 pro
1002 2628 1413 2683 administratione
1430 2629 1608 2696 justitiae
1626 2674 1639 2693 ‚
1663 2630 1710 2680 δε
1728 2648 1972 2682 armorum
1991 2632 2233 2683 trastatio-

677 2730 739 2763 rie
757 2711 823 2762 vir
839 2710 1047 2762 idoneus
1064 2708 1336 2781 seligendus
1354 2707 1444 2762 est,
1477 2712 1499 2760 a
1528 2725 1630 2778 quo
1646 2707 1933 2779 gubernatio
1960 2707 2227 2779 dependere

677 2788 820 2840 debet
839 2832 850 2851 ‚
865 2790 913 2839 ὅ(
935 2787 1057 2839 salus
1075 2785 1266 2857 publica
1287 2830 1300 2848 ,
1317 2804 1419 2835 non
1437 2802 1626 2853 oportet
1646 2804 1744 2835 rem
1767 2802 1952 2837 tantam
1979 2787 2227 2838 incertitu-

677 2864 778 2916 dini
796 2866 928 2916 sortis
946 2865 1273 2918 committere,
1289 2861 1364 2913 sed
1382 2862 1558 2930 praestat
1574 2897 1588 2916 ,
1606 2863 1918 2914 uteletstionis
1936 2882 2133 2914 examen
2150 2863 2234 2915 ille·

423 2949 592 3005 'facienti
609 2964 643 2996 4·
677 2942 870 2994 subeat:
895 2942 1013 2993 illud
1033 2942 1166 2992 enim
1183 2959 1267 3010 pro
1282 2939 1525 3009 explorato
1542 2939 1823 2990 habendum
1842 2940 2005 3010 ‚sortem
2022 2944 2088 2999 δ’
2103 2937 2223 2994 urna}

425 3001 511 3034 H¹st'
673 3037 817 3071 morea
833 3038 921 3069 non
938 3018 1131 3087 discerni
1164 3041 1180 3069 .·
1201 3013 1421 3095 suffragia
1436 3021 1502 3074 Εἴ
1529 3019 1926 3069 existimationem
1941 3013 2148 3070 Senaetds
2159 3036 2224 3068 re-

666 3111 794 3173 perta
814 3140 827 3162 ‚
860 3108 912 3149 ut
926 3097 975 3150 in
988 3097 1200 3170 cupusque
1215 3090 1992 3169 vimmfamquuepenetncrema.
2026 3097 2082 3145 Et
2100 3112 2224 3145 tam-

2147 3170 2227 3224 etsi
