<?xml version="1.0" encoding="UTF-8"?>
<!DOCTYPE html PUBLIC "-//W3C//DTD XHTML 1.0 Transitional//EN"
    "http://www.w3.org/TR/xhtml1/DTD/xhtml1-transitional.dtd">
<html xmlns="http://www.w3.org/1999/xhtml" xml:lang="en" lang="en">
 <head>
  <title>
</title>
<meta http-equiv="Content-Type" content="text/html;charset=utf-8" />
  <meta name='ocr-system' content='tesseract 3.04.00' />
  <meta name='ocr-capabilities' content='ocr_page ocr_carea ocr_par ocr_line ocrx_word'/>
</head>
<body>
  <div class='ocr_page' id='page_1' title='image "./ideaprincipischr00saav_0571.png"; bbox 0 0 2394 3768; ppageno 0'>
   <div class='ocr_carea' id='block_1_1' title="bbox 134 332 1923 3027">
    <p class='ocr_par' dir='ltr' id='par_1_1' title="bbox 443 332 1650 387">
     <span class='ocr_line' id='line_1_1' title="bbox 443 332 1650 387; baseline -0.001 -12"><span class='ocrx_word' id='word_1_1' title='bbox 443 332 1327 376; x_wconf 83' lang='lat' dir='ltr'>SYMBOLA.POL1TICA.</span> <span class='ocrx_word' id='word_1_2' title='bbox 1575 344 1650 387; x_wconf 84' lang='lat'>543</span> 
     </span>
    </p>

    <p class='ocr_par' dir='ltr' id='par_1_2' title="bbox 134 399 1923 3027">
     <span class='ocr_line' id='line_1_2' title="bbox 242 399 1655 476; baseline 0 -21"><span class='ocrx_word' id='word_1_3' title='bbox 242 408 298 461; x_wconf 74' lang='lat'>5.</span> <span class='ocrx_word' id='word_1_4' title='bbox 331 399 434 455; x_wconf 85' lang='lat' dir='ltr'>Alia</span> <span class='ocrx_word' id='word_1_5' title='bbox 446 402 510 454; x_wconf 92' lang='lat' dir='ltr'>est</span> <span class='ocrx_word' id='word_1_6' title='bbox 524 401 852 456; x_wconf 83' lang='lat' dir='ltr'>inobedientia</span> <span class='ocrx_word' id='word_1_7' title='bbox 866 447 880 464; x_wconf 86' lang='lat'>,</span> <span class='ocrx_word' id='word_1_8' title='bbox 898 421 1003 476; x_wconf 89' lang='lat' dir='ltr'>quae</span> <span class='ocrx_word' id='word_1_9' title='bbox 1021 421 1075 455; x_wconf 88' lang='lat' dir='ltr'>ex</span> <span class='ocrx_word' id='word_1_10' title='bbox 1101 401 1250 456; x_wconf 72' lang='lat' dir='ltr'>nimia</span> <span class='ocrx_word' id='word_1_11' title='bbox 1265 399 1475 475; x_wconf 63' lang='lat' dir='ltr'>quadam</span> <span class='ocrx_word' id='word_1_12' title='bbox 1492 421 1655 474; x_wconf 86' lang='lat' dir='ltr'>prom-</span> 
     </span>
     <span class='ocr_line' id='line_1_3' title="bbox 134 475 1654 554; baseline 0.001 -21"><span class='ocrx_word' id='word_1_13' title='bbox 134 479 373 554; x_wconf 90' lang='lat' dir='ltr'>ptitudine</span> <span class='ocrx_word' id='word_1_14' title='bbox 390 523 402 542; x_wconf 93' lang='lat'>,</span> <span class='ocrx_word' id='word_1_15' title='bbox 418 495 497 531; x_wconf 90' lang='lat' dir='ltr'>aut</span> <span class='ocrx_word' id='word_1_16' title='bbox 513 475 738 533; x_wconf 89' lang='lat' dir='ltr'>fidelitate</span> <span class='ocrx_word' id='word_1_17' title='bbox 755 479 915 531; x_wconf 79' lang='lat' dir='ltr'>minus</span> <span class='ocrx_word' id='word_1_18' title='bbox 931 479 1219 534; x_wconf 54' lang='lat' dir='ltr'>consideratii</span> <span class='ocrx_word' id='word_1_19' title='bbox 1238 481 1466 539; x_wconf 82' lang='lat' dir='ltr'>nascitur,</span> <span class='ocrx_word' id='word_1_20' title='bbox 1486 481 1537 533; x_wconf 91' lang='lat' dir='ltr'>in</span> <span class='ocrx_word' id='word_1_21' title='bbox 1552 499 1654 553; x_wconf 90' lang='lat' dir='ltr'>quo</span> 
     </span>
     <span class='ocr_line' id='line_1_4' title="bbox 138 556 1657 629; baseline 0.001 -19"><span class='ocrx_word' id='word_1_22' title='bbox 138 558 247 610; x_wconf 90' lang='lat' dir='ltr'>casu</span> <span class='ocrx_word' id='word_1_23' title='bbox 277 556 499 629; x_wconf 80' lang='lat' dir='ltr'>benignis</span> <span class='ocrx_word' id='word_1_24' title='bbox 515 576 636 627; x_wconf 89' lang='lat' dir='ltr'>opus</span> <span class='ocrx_word' id='word_1_25' title='bbox 650 557 713 608; x_wconf 92' lang='lat' dir='ltr'>est</span> <span class='ocrx_word' id='word_1_26' title='bbox 730 556 897 609; x_wconf 89' lang='lat' dir='ltr'>mediis</span> <span class='ocrx_word' id='word_1_27' title='bbox 911 601 924 621; x_wconf 92' lang='lat'>,</span> <span class='ocrx_word' id='word_1_28' title='bbox 951 574 1004 609; x_wconf 90' lang='lat' dir='ltr'>ut</span> <span class='ocrx_word' id='word_1_29' title='bbox 1023 556 1196 609; x_wconf 88' lang='lat' dir='ltr'>subditi</span> <span class='ocrx_word' id='word_1_30' title='bbox 1214 559 1265 609; x_wconf 92' lang='lat' dir='ltr'>in</span> <span class='ocrx_word' id='word_1_31' title='bbox 1280 559 1407 612; x_wconf 89' lang='lat' dir='ltr'>viam</span> <span class='ocrx_word' id='word_1_32' title='bbox 1424 575 1657 613; x_wconf 86' lang='lat' dir='ltr'>revocen-</span> 
     </span>
     <span class='ocr_line' id='line_1_5' title="bbox 136 633 1656 709; baseline 0.002 -23"><span class='ocrx_word' id='word_1_33' title='bbox 136 651 225 686; x_wconf 86' lang='lat' dir='ltr'><strong>tur.</strong></span> <span class='ocrx_word' id='word_1_34' title='bbox 253 635 318 684; x_wconf 89' lang='lat' dir='ltr'>lta</span> <span class='ocrx_word' id='word_1_35' title='bbox 336 634 446 686; x_wconf 89' lang='lat' dir='ltr'>fecit</span> <span class='ocrx_word' id='word_1_36' title='bbox 471 636 677 685; x_wconf 89' lang='lat' dir='ltr'>Ioannes</span> <span class='ocrx_word' id='word_1_37' title='bbox 698 633 945 685; x_wconf 84' lang='lat' dir='ltr'>Secundus</span> <span class='ocrx_word' id='word_1_38' title='bbox 966 637 1211 709; x_wconf 79' lang='lat' dir='ltr'>Aragoniae</span> <span class='ocrx_word' id='word_1_39' title='bbox 1227 635 1391 687; x_wconf 85' lang='lat' dir='ltr'>Rexin</span> <span class='ocrx_word' id='word_1_40' title='bbox 1422 636 1656 689; x_wconf 85' lang='lat' dir='ltr'>seditione</span> 
     </span>
     <span class='ocr_line' id='line_1_6' title="bbox 136 709 1657 782; baseline 0.002 -19"><span class='ocrx_word' id='word_1_41' title='bbox 136 709 476 763; x_wconf 86' lang='lat' dir='ltr'>Barcinonenfi</span> <span class='ocrx_word' id='word_1_42' title='bbox 507 710 576 762; x_wconf 94' lang='lat' dir='ltr'>ob</span> <span class='ocrx_word' id='word_1_43' title='bbox 603 727 812 762; x_wconf 87' lang='lat' dir='ltr'>mortem</span> <span class='ocrx_word' id='word_1_44' title='bbox 840 710 922 762; x_wconf 87' lang='lat' dir='ltr'>filii</span> <span class='ocrx_word' id='word_1_45' title='bbox 949 712 1014 763; x_wconf 86' lang='lat' dir='ltr'>sui</span> <span class='ocrx_word' id='word_1_46' title='bbox 1053 712 1275 782; x_wconf 89' lang='lat' dir='ltr'>Principis</span> <span class='ocrx_word' id='word_1_47' title='bbox 1296 712 1456 763; x_wconf 90' lang='lat' dir='ltr'>Caroli</span> <span class='ocrx_word' id='word_1_48' title='bbox 1490 735 1500 764; x_wconf 88' lang='lat'><strong>:</strong></span> <span class='ocrx_word' id='word_1_49' title='bbox 1537 713 1657 767; x_wconf 85' lang='lat' dir='ltr'>datis</span> 
     </span>
     <span class='ocr_line' id='line_1_7' title="bbox 137 787 1654 860; baseline 0.001 -20"><span class='ocrx_word' id='word_1_50' title='bbox 137 789 270 841; x_wconf 88' lang='lat' dir='ltr'>enirn</span> <span class='ocrx_word' id='word_1_51' title='bbox 285 789 342 838; x_wconf 90' lang='lat' dir='ltr'>ad</span> <span class='ocrx_word' id='word_1_52' title='bbox 361 788 600 841; x_wconf 88' lang='lat' dir='ltr'>civitatem</span> <span class='ocrx_word' id='word_1_53' title='bbox 620 788 760 839; x_wconf 90' lang='lat' dir='ltr'>literis</span> <span class='ocrx_word' id='word_1_54' title='bbox 776 831 787 850; x_wconf 92' lang='lat'>‚</span> <span class='ocrx_word' id='word_1_55' title='bbox 805 787 991 840; x_wconf 88' lang='lat' dir='ltr'>testatus</span> <span class='ocrx_word' id='word_1_56' title='bbox 1007 788 1069 840; x_wconf 90' lang='lat' dir='ltr'>est</span> <span class='ocrx_word' id='word_1_57' title='bbox 1090 831 1102 851; x_wconf 89' lang='lat'>,</span> <span class='ocrx_word' id='word_1_58' title='bbox 1130 807 1385 860; x_wconf 90' lang='lat' dir='ltr'>nunquam</span> <span class='ocrx_word' id='word_1_59' title='bbox 1404 789 1449 841; x_wconf 90' lang='lat' dir='ltr'>se</span> <span class='ocrx_word' id='word_1_60' title='bbox 1467 791 1551 842; x_wconf 78' lang='lat' dir='ltr'>nisi</span> <span class='ocrx_word' id='word_1_61' title='bbox 1570 811 1654 842; x_wconf 88' lang='lat' dir='ltr'>ne-</span> 
     </span>
     <span class='ocr_line' id='line_1_8' title="bbox 137 864 1661 921; baseline 0.001 -3"><span class='ocrx_word' id='word_1_62' title='bbox 137 866 334 918; x_wconf 83' lang='lat' dir='ltr'>ceffitate</span> <span class='ocrx_word' id='word_1_63' title='bbox 361 867 587 916; x_wconf 66' lang='lat' dir='ltr'>coaetum</span> <span class='ocrx_word' id='word_1_64' title='bbox 614 864 837 917; x_wconf 86' lang='lat' dir='ltr'>violentis</span> <span class='ocrx_word' id='word_1_65' title='bbox 863 866 1058 917; x_wconf 88' lang='lat' dir='ltr'>usurum</span> <span class='ocrx_word' id='word_1_66' title='bbox 1074 866 1324 921; x_wconf 79' lang='lat' dir='ltr'>remediis,</span> <span class='ocrx_word' id='word_1_67' title='bbox 1363 867 1522 918; x_wconf 77' lang='lat' dir='ltr'>immo</span> <span class='ocrx_word' id='word_1_68' title='bbox 1546 885 1661 920; x_wconf 78' lang='lat' dir='ltr'>tan·</span> 
     </span>
     <span class='ocr_line' id='line_1_9' title="bbox 136 940 1658 1015; baseline 0.003 -22"><span class='ocrx_word' id='word_1_69' title='bbox 136 960 285 1015; x_wconf 86' lang='lat' dir='ltr'>quam</span> <span class='ocrx_word' id='word_1_70' title='bbox 303 940 426 992; x_wconf 89' lang='lat' dir='ltr'>filios</span> <span class='ocrx_word' id='word_1_71' title='bbox 456 942 499 992; x_wconf 89' lang='lat' dir='ltr'>se</span> <span class='ocrx_word' id='word_1_72' title='bbox 518 943 640 993; x_wconf 89' lang='lat' dir='ltr'>cives</span> <span class='ocrx_word' id='word_1_73' title='bbox 655 940 925 993; x_wconf 86' lang='lat' dir='ltr'>habiturum</span> <span class='ocrx_word' id='word_1_74' title='bbox 943 987 954 1005; x_wconf 89' lang='lat'>‚</span> <span class='ocrx_word' id='word_1_75' title='bbox 988 941 1358 1013; x_wconf 84' lang='lat' dir='ltr'>sirefipiscerent.</span> <span class='ocrx_word' id='word_1_76' title='bbox 1399 943 1557 997; x_wconf 81' lang='lat' dir='ltr'>Isthaec</span> <span class='ocrx_word' id='word_1_77' title='bbox 1578 947 1658 998; x_wconf 72' lang='lat' dir='ltr'>be-</span> 
     </span>
     <span class='ocr_line' id='line_1_10' title="bbox 137 1019 1659 1089; baseline 0.002 -17"><span class='ocrx_word' id='word_1_78' title='bbox 137 1019 344 1088; x_wconf 77' lang='lat' dir='ltr'>nignitas</span> <span class='ocrx_word' id='word_1_79' title='bbox 362 1063 374 1082; x_wconf 88' lang='lat'>‚</span> <span class='ocrx_word' id='word_1_80' title='bbox 403 1019 454 1068; x_wconf 68' lang='grc' dir='ltr'>ὃς</span> <span class='ocrx_word' id='word_1_81' title='bbox 497 1020 781 1070; x_wconf 82' lang='lat' dir='ltr'>communis·</span> <span class='ocrx_word' id='word_1_82' title='bbox 820 1021 964 1071; x_wconf 83' lang='lat' dir='ltr'>venia:</span> <span class='ocrx_word' id='word_1_83' title='bbox 1002 1019 1284 1089; x_wconf 78' lang='lat' dir='ltr'>pollicitatio</span> <span class='ocrx_word' id='word_1_84' title='bbox 1327 1020 1386 1071; x_wconf 90' lang='lat' dir='ltr'>ad</span> <span class='ocrx_word' id='word_1_85' title='bbox 1427 1022 1659 1075; x_wconf 87' lang='lat' dir='ltr'>obedien-</span> 
     </span>
     <span class='ocr_line' id='line_1_11' title="bbox 136 1094 1659 1171; baseline 0.001 -22"><span class='ocrx_word' id='word_1_86' title='bbox 136 1100 251 1149; x_wconf 90' lang='lat' dir='ltr'>tiam</span> <span class='ocrx_word' id='word_1_87' title='bbox 284 1114 365 1146; x_wconf 87' lang='lat' dir='ltr'>eos</span> <span class='ocrx_word' id='word_1_88' title='bbox 382 1094 578 1146; x_wconf 82' lang='lat' dir='ltr'>reduxit.</span> <span class='ocrx_word' id='word_1_89' title='bbox 618 1098 879 1166; x_wconf 87' lang='lat' dir='ltr'>Semperin</span> <span class='ocrx_word' id='word_1_90' title='bbox 907 1097 1116 1166; x_wconf 79' lang='lat' dir='ltr'>Principe</span> <span class='ocrx_word' id='word_1_91' title='bbox 1145 1096 1327 1150; x_wconf 87' lang='lat' dir='ltr'>elucere</span> <span class='ocrx_word' id='word_1_92' title='bbox 1356 1097 1501 1150; x_wconf 89' lang='lat' dir='ltr'>debet</span> <span class='ocrx_word' id='word_1_93' title='bbox 1529 1118 1659 1171; x_wconf 78' lang='lat' dir='ltr'>quae-</span> 
     </span>
     <span class='ocr_line' id='line_1_12' title="bbox 136 1171 1660 1245; baseline 0.002 -20"><span class='ocrx_word' id='word_1_94' title='bbox 136 1176 250 1225; x_wconf 77' lang='lat' dir='ltr'>dam</span> <span class='ocrx_word' id='word_1_95' title='bbox 278 1171 338 1222; x_wconf 91' lang='lat' dir='ltr'>ad</span> <span class='ocrx_word' id='word_1_96' title='bbox 362 1176 553 1224; x_wconf 86' lang='lat' dir='ltr'>veniam</span> <span class='ocrx_word' id='word_1_97' title='bbox 580 1172 831 1244; x_wconf 79' lang='lat' dir='ltr'>propensio</span> <span class='ocrx_word' id='word_1_98' title='bbox 852 1191 993 1225; x_wconf 86' lang='lat' dir='ltr'>:nam</span> <span class='ocrx_word' id='word_1_99' title='bbox 1021 1173 1192 1226; x_wconf 85' lang='lat' dir='ltr'>fiillius</span> <span class='ocrx_word' id='word_1_100' title='bbox 1213 1176 1311 1245; x_wconf 90' lang='lat' dir='ltr'>spes</span> <span class='ocrx_word' id='word_1_101' title='bbox 1340 1174 1479 1230; x_wconf 76' lang='lat' dir='ltr'>defit,</span> <span class='ocrx_word' id='word_1_102' title='bbox 1514 1178 1660 1228; x_wconf 87' lang='lat' dir='ltr'>obsti-</span> 
     </span>
     <span class='ocr_line' id='line_1_13' title="bbox 137 1247 1660 1308; baseline 0.002 -6"><span class='ocrx_word' id='word_1_103' title='bbox 137 1267 310 1303; x_wconf 88' lang='lat' dir='ltr'>natum</span> <span class='ocrx_word' id='word_1_104' title='bbox 327 1247 407 1300; x_wconf 88' lang='lat' dir='ltr'>fiet</span> <span class='ocrx_word' id='word_1_105' title='bbox 425 1249 673 1301; x_wconf 64' lang='lat' dir='ltr'>delidtum.</span> <span class='ocrx_word' id='word_1_106' title='bbox 715 1250 798 1302; x_wconf 84' lang='lat' dir='ltr'>Ob</span> <span class='ocrx_word' id='word_1_107' title='bbox 820 1250 945 1302; x_wconf 72' lang='lat' dir='ltr'>lianc</span> <span class='ocrx_word' id='word_1_108' title='bbox 968 1249 1171 1303; x_wconf 74' lang='lat' dir='ltr'>caussam</span> <span class='ocrx_word' id='word_1_109' title='bbox 1189 1252 1473 1304; x_wconf 82' lang='lat' dir='ltr'>Valentinus</span> <span class='ocrx_word' id='word_1_110' title='bbox 1491 1288 1505 1308; x_wconf 88' lang='lat'>‚</span> <span class='ocrx_word' id='word_1_111' title='bbox 1538 1273 1660 1306; x_wconf 87' lang='lat' dir='ltr'>con-</span> 
     </span>
     <span class='ocr_line' id='line_1_14' title="bbox 139 1325 1660 1403; baseline 0.002 -23"><span class='ocrx_word' id='word_1_112' title='bbox 139 1328 288 1380; x_wconf 81' lang='lat' dir='ltr'>citatis</span> <span class='ocrx_word' id='word_1_113' title='bbox 315 1325 374 1378; x_wconf 91' lang='lat' dir='ltr'>ad</span> <span class='ocrx_word' id='word_1_114' title='bbox 402 1325 717 1378; x_wconf 85' lang='lat' dir='ltr'>rebellionem</span> <span class='ocrx_word' id='word_1_115' title='bbox 743 1327 1090 1379; x_wconf 78' lang='lat' dir='ltr'>Trevirensibus</span> <span class='ocrx_word' id='word_1_116' title='bbox 1112 1363 1128 1383; x_wconf 89' lang='grc'>,</span> <span class='ocrx_word' id='word_1_117' title='bbox 1171 1332 1377 1403; x_wconf 78' lang='lat' dir='ltr'>Legatos</span> <span class='ocrx_word' id='word_1_118' title='bbox 1406 1333 1660 1383; x_wconf 85' lang='lat' dir='ltr'>Romanos</span> 
     </span>
     <span class='ocr_line' id='line_1_15' title="bbox 137 1402 1901 1488; baseline 0.002 -31"><span class='ocrx_word' id='word_1_119' title='bbox 137 1405 255 1477; x_wconf 72' lang='lat' dir='ltr'>jussit</span> <span class='ocrx_word' id='word_1_120' title='bbox 272 1402 500 1459; x_wconf 82' lang='lat' dir='ltr'>interfici,</span> <span class='ocrx_word' id='word_1_121' title='bbox 542 1422 630 1478; x_wconf 80' lang='lat' dir='ltr'>quo</span> <span class='ocrx_word' id='word_1_122' title='bbox 645 1406 816 1458; x_wconf 85' lang='lat' dir='ltr'>minore</span> <span class='ocrx_word' id='word_1_123' title='bbox 824 1404 906 1480; x_wconf 81' lang='lat' dir='ltr'>spe</span> <span class='ocrx_word' id='word_1_124' title='bbox 921 1406 1063 1458; x_wconf 58' lang='lat' dir='ltr'>venie</span> <span class='ocrx_word' id='word_1_125' title='bbox 1090 1404 1286 1477; x_wconf 68' lang='lat' dir='ltr'>crcfieret</span> <span class='ocrx_word' id='word_1_126' title='bbox 1300 1405 1543 1460; x_wconf 74' lang='lat' dir='ltr'>vinculum</span> <span class='ocrx_word' id='word_1_127' title='bbox 1555 1410 1659 1481; x_wconf 81' lang='lat' dir='ltr'>sce-</span> <span class='ocrx_word' id='word_1_128' title='bbox 1685 1404 1901 1488; x_wconf 46' lang='lat' dir='ltr'>ffiffbfib‘ss’</span> 
     </span>
     <span class='ocr_line' id='line_1_16' title="bbox 135 1480 1772 1559; baseline 0.002 -24"><span class='ocrx_word' id='word_1_129' title='bbox 135 1481 252 1535; x_wconf 74' lang='lat' dir='ltr'>leris.</span> <span class='ocrx_word' id='word_1_130' title='bbox 295 1481 567 1532; x_wconf 89' lang='lat' dir='ltr'>Vertiturin</span> <span class='ocrx_word' id='word_1_131' title='bbox 598 1480 976 1551; x_wconf 84' lang='lat' dir='ltr'>desperationem</span> <span class='ocrx_word' id='word_1_132' title='bbox 1000 1480 1166 1534; x_wconf 90' lang='lat' dir='ltr'>seditio</span> <span class='ocrx_word' id='word_1_133' title='bbox 1185 1529 1196 1547; x_wconf 94' lang='lat'>‚</span> <span class='ocrx_word' id='word_1_134' title='bbox 1229 1484 1312 1536; x_wconf 90' lang='lat' dir='ltr'>ubi</span> <span class='ocrx_word' id='word_1_135' title='bbox 1340 1484 1525 1536; x_wconf 87' lang='lat' dir='ltr'>nullam</span> <span class='ocrx_word' id='word_1_136' title='bbox 1553 1506 1658 1559; x_wconf 77' lang='lat' dir='ltr'>gra-</span> <span class='ocrx_word' id='word_1_137' title='bbox 1765 1481 1772 1489; x_wconf 74' lang='grc'>’</span> 
     </span>
     <span class='ocr_line' id='line_1_17' title="bbox 142 1557 1661 1632; baseline 0.003 -23"><span class='ocrx_word' id='word_1_138' title='bbox 142 1562 258 1610; x_wconf 84' lang='lat' dir='ltr'>tiam</span> <span class='ocrx_word' id='word_1_139' title='bbox 277 1557 573 1629; x_wconf 85' lang='lat' dir='ltr'>sperarelicet</span> <span class='ocrx_word' id='word_1_140' title='bbox 588 1592 605 1613; x_wconf 84' lang='lat'><em>,</em></span> <span class='ocrx_word' id='word_1_141' title='bbox 631 1557 916 1630; x_wconf 80' lang='lat' dir='ltr'>maluntque</span> <span class='ocrx_word' id='word_1_142' title='bbox 934 1558 1157 1611; x_wconf 88' lang='lat' dir='ltr'>homines</span> <span class='ocrx_word' id='word_1_143' title='bbox 1180 1561 1360 1613; x_wconf 59' lang='lat' dir='ltr'>factiosi</span> <span class='ocrx_word' id='word_1_144' title='bbox 1378 1563 1570 1632; x_wconf 88' lang='lat' dir='ltr'>periculi</span> <span class='ocrx_word' id='word_1_145' title='bbox 1586 1566 1661 1616; x_wconf 86' lang='lat' dir='ltr'>in-</span> 
     </span>
     <span class='ocr_line' id='line_1_18' title="bbox 141 1635 1663 1708; baseline 0.003 -21"><span class='ocrx_word' id='word_1_146' title='bbox 141 1640 274 1688; x_wconf 86' lang='lat' dir='ltr'>terire</span> <span class='ocrx_word' id='word_1_147' title='bbox 291 1635 515 1687; x_wconf 87' lang='lat' dir='ltr'>manibus</span> <span class='ocrx_word' id='word_1_148' title='bbox 530 1670 546 1690; x_wconf 89' lang='lat'><em>‚</em></span> <span class='ocrx_word' id='word_1_149' title='bbox 562 1638 710 1706; x_wconf 73' lang='lat' dir='ltr'>quam</span> <span class='ocrx_word' id='word_1_150' title='bbox 729 1635 976 1688; x_wconf 82' lang='lat' dir='ltr'>carnificis.</span> <span class='ocrx_word' id='word_1_151' title='bbox 1003 1637 1086 1688; x_wconf 89' lang='lat' dir='ltr'>Ob</span> <span class='ocrx_word' id='word_1_152' title='bbox 1105 1656 1221 1708; x_wconf 90' lang='lat' dir='ltr'>quas</span> <span class='ocrx_word' id='word_1_153' title='bbox 1235 1641 1439 1691; x_wconf 85' lang='lat' dir='ltr'>rationes</span> <span class='ocrx_word' id='word_1_154' title='bbox 1452 1641 1505 1691; x_wconf 89' lang='lat' dir='ltr'>iis</span> <span class='ocrx_word' id='word_1_155' title='bbox 1519 1642 1663 1692; x_wconf 87' lang='lat' dir='ltr'>etiarn</span> 
     </span>
     <span class='ocr_line' id='line_1_19' title="bbox 142 1711 1661 1782; baseline 0.005 -19"><span class='ocrx_word' id='word_1_156' title='bbox 142 1714 375 1782; x_wconf 82' lang='lat' dir='ltr'>parcitum</span> <span class='ocrx_word' id='word_1_157' title='bbox 393 1711 480 1762; x_wconf 90' lang='lat' dir='ltr'>fuit</span> <span class='ocrx_word' id='word_1_158' title='bbox 498 1746 513 1766; x_wconf 83' lang='lat'>‚</span> <span class='ocrx_word' id='word_1_159' title='bbox 539 1714 622 1782; x_wconf 89' lang='lat' dir='ltr'>qui</span> <span class='ocrx_word' id='word_1_160' title='bbox 646 1711 824 1764; x_wconf 90' lang='lat' dir='ltr'>Vitellii</span> <span class='ocrx_word' id='word_1_161' title='bbox 844 1713 1051 1782; x_wconf 84' lang='lat' dir='ltr'>partibus</span> <span class='ocrx_word' id='word_1_162' title='bbox 1069 1714 1386 1772; x_wconf 81' lang='lat' dir='ltr'>adhaeserant,</span> <span class='ocrx_word' id='word_1_163' title='bbox 1425 1736 1482 1768; x_wconf 84' lang='lat' dir='ltr'>ne</span> <span class='ocrx_word' id='word_1_164' title='bbox 1497 1717 1661 1770; x_wconf 88' lang='lat' dir='ltr'>videli-</span> 
     </span>
     <span class='ocr_line' id='line_1_20' title="bbox 144 1785 1871 1863; baseline 0.001 -20"><span class='ocrx_word' id='word_1_165' title='bbox 144 1805 219 1843; x_wconf 86' lang='lat' dir='ltr'>cet</span> <span class='ocrx_word' id='word_1_166' title='bbox 237 1785 432 1861; x_wconf 60' lang='lat' dir='ltr'>sublone}</span> <span class='ocrx_word' id='word_1_167' title='bbox 441 1787 522 1863; x_wconf 84' lang='lat' dir='ltr'>spe</span> <span class='ocrx_word' id='word_1_168' title='bbox 532 1789 676 1838; x_wconf 65' lang='lat' dir='ltr'>venia</span> <span class='ocrx_word' id='word_1_169' title='bbox 693 1832 704 1851; x_wconf 93' lang='lat'><strong>,</strong></span> <span class='ocrx_word' id='word_1_170' title='bbox 724 1786 982 1861; x_wconf 53' lang='lat' dir='ltr'>pertinacia?</span> <span class='ocrx_word' id='word_1_171' title='bbox 995 1789 1350 1843; x_wconf 73' lang='lat' dir='ltr'>accenderentur.</span> <span class='ocrx_word' id='word_1_172' title='bbox 1384 1794 1487 1844; x_wconf 88' lang='lat' dir='ltr'>Tali</span> <span class='ocrx_word' id='word_1_173' title='bbox 1514 1795 1662 1847; x_wconf 90' lang='lat' dir='ltr'>animi</span> <span class='ocrx_word' id='word_1_174' title='bbox 1688 1800 1871 1837; x_wconf 68' lang='lat' dir='ltr'>ldemibid·</span> 
     </span>
     <span class='ocr_line' id='line_1_21' title="bbox 144 1863 1666 1939; baseline 0.004 -22"><span class='ocrx_word' id='word_1_175' title='bbox 144 1865 483 1939; x_wconf 76' lang='lat' dir='ltr'>magnitudine</span> <span class='ocrx_word' id='word_1_176' title='bbox 513 1864 581 1915; x_wconf 90' lang='lat' dir='ltr'>uti</span> <span class='ocrx_word' id='word_1_177' title='bbox 606 1863 786 1915; x_wconf 84' lang='lat' dir='ltr'>neceffe</span> <span class='ocrx_word' id='word_1_178' title='bbox 811 1863 904 1920; x_wconf 87' lang='lat' dir='ltr'>est,</span> <span class='ocrx_word' id='word_1_179' title='bbox 933 1864 1139 1936; x_wconf 89' lang='lat' dir='ltr'>quando</span> <span class='ocrx_word' id='word_1_180' title='bbox 1167 1865 1408 1938; x_wconf 88' lang='lat' dir='ltr'>delinquit</span> <span class='ocrx_word' id='word_1_181' title='bbox 1425 1873 1666 1923; x_wconf 87' lang='lat' dir='ltr'>concitata</span> 
     </span>
     <span class='ocr_line' id='line_1_22' title="bbox 144 1940 1668 2018; baseline 0.002 -22"><span class='ocrx_word' id='word_1_182' title='bbox 144 1941 412 1996; x_wconf 90' lang='lat' dir='ltr'>multitudo</span> <span class='ocrx_word' id='word_1_183' title='bbox 436 1968 450 2004; x_wconf 77' lang='lat'>5</span> <span class='ocrx_word' id='word_1_184' title='bbox 491 1940 753 2013; x_wconf 88' lang='lat' dir='ltr'>quomodo</span> <span class='ocrx_word' id='word_1_185' title='bbox 780 1941 934 1994; x_wconf 69' lang='lat' dir='ltr'>fecisse</span> <span class='ocrx_word' id='word_1_186' title='bbox 959 1942 1278 1994; x_wconf 89' lang='lat' dir='ltr'>meminimus</span> <span class='ocrx_word' id='word_1_187' title='bbox 1304 1948 1488 2018; x_wconf 84' lang='lat' dir='ltr'>Regem</span> <span class='ocrx_word' id='word_1_188' title='bbox 1511 1947 1668 2000; x_wconf 84' lang='lat' dir='ltr'>Ferdi-</span> 
     </span>
     <span class='ocr_line' id='line_1_23' title="bbox 147 2017 1669 2083; baseline 0.003 -10"><span class='ocrx_word' id='word_1_189' title='bbox 147 2021 369 2074; x_wconf 86' lang='lat' dir='ltr'>nandum</span> <span class='ocrx_word' id='word_1_190' title='bbox 389 2020 621 2069; x_wconf 70' lang='lat' dir='ltr'>Sanctum</span> <span class='ocrx_word' id='word_1_191' title='bbox 637 2020 688 2070; x_wconf 88' lang='lat' dir='ltr'>in</span> <span class='ocrx_word' id='word_1_192' title='bbox 711 2017 922 2070; x_wconf 87' lang='lat' dir='ltr'>Castellae</span> <span class='ocrx_word' id='word_1_193' title='bbox 939 2018 1155 2070; x_wconf 90' lang='lat' dir='ltr'>motibus</span> <span class='ocrx_word' id='word_1_194' title='bbox 1170 2063 1183 2083; x_wconf 80' lang='lat'><em>,</em></span> <span class='ocrx_word' id='word_1_195' title='bbox 1219 2022 1262 2072; x_wconf 71' lang='grc' dir='ltr'>ἃ</span> <span class='ocrx_word' id='word_1_196' title='bbox 1298 2021 1603 2076; x_wconf 85' lang='lat' dir='ltr'>observatum</span> <span class='ocrx_word' id='word_1_197' title='bbox 1619 2025 1669 2077; x_wconf 92' lang='lat' dir='ltr'>id</span> 
     </span>
     <span class='ocr_line' id='line_1_24' title="bbox 144 2093 1671 2171; baseline 0.001 -20"><span class='ocrx_word' id='word_1_198' title='bbox 144 2100 234 2152; x_wconf 88' lang='lat' dir='ltr'>fuit</span> <span class='ocrx_word' id='word_1_199' title='bbox 250 2098 301 2148; x_wconf 89' lang='lat' dir='ltr'>in</span> <span class='ocrx_word' id='word_1_200' title='bbox 318 2095 543 2146; x_wconf 78' lang='lat' dir='ltr'>comitiis</span> <span class='ocrx_word' id='word_1_201' title='bbox 557 2093 1024 2163; x_wconf 84' lang='lat' dir='ltr'>Guadalajarenfibus</span> <span class='ocrx_word' id='word_1_202' title='bbox 1040 2097 1340 2166; x_wconf 84' lang='lat' dir='ltr'>temporibus</span> <span class='ocrx_word' id='word_1_203' title='bbox 1356 2102 1496 2171; x_wconf 81' lang='lat' dir='ltr'>Regis</span> <span class='ocrx_word' id='word_1_204' title='bbox 1523 2104 1671 2157; x_wconf 82' lang='lat' dir='ltr'>Ioan-</span> 
     </span>
     <span class='ocr_line' id='line_1_25' title="bbox 147 2170 1669 2245; baseline 0.003 -17"><span class='ocrx_word' id='word_1_205' title='bbox 147 2177 222 2228; x_wconf 88' lang='lat' dir='ltr'>nis</span> <span class='ocrx_word' id='word_1_206' title='bbox 250 2173 389 2224; x_wconf 89' lang='lat' dir='ltr'>Primi</span> <span class='ocrx_word' id='word_1_207' title='bbox 416 2216 429 2235; x_wconf 95' lang='lat'>,</span> <span class='ocrx_word' id='word_1_208' title='bbox 467 2170 668 2243; x_wconf 86' lang='lat' dir='ltr'>quando</span> <span class='ocrx_word' id='word_1_209' title='bbox 684 2170 793 2223; x_wconf 87' lang='lat' dir='ltr'>data</span> <span class='ocrx_word' id='word_1_210' title='bbox 810 2173 899 2224; x_wconf 87' lang='lat' dir='ltr'>fuit</span> <span class='ocrx_word' id='word_1_211' title='bbox 922 2171 1014 2223; x_wconf 91' lang='lat' dir='ltr'>illis</span> <span class='ocrx_word' id='word_1_212' title='bbox 1032 2175 1170 2227; x_wconf 84' lang='lat' dir='ltr'>venia</span> <span class='ocrx_word' id='word_1_213' title='bbox 1189 2215 1201 2237; x_wconf 91' lang='lat'>,</span> <span class='ocrx_word' id='word_1_214' title='bbox 1225 2175 1308 2245; x_wconf 90' lang='lat' dir='ltr'>qui</span> <span class='ocrx_word' id='word_1_215' title='bbox 1324 2176 1375 2227; x_wconf 90' lang='lat' dir='ltr'>in</span> <span class='ocrx_word' id='word_1_216' title='bbox 1395 2176 1528 2230; x_wconf 92' lang='lat' dir='ltr'>bello</span> <span class='ocrx_word' id='word_1_217' title='bbox 1546 2197 1669 2232; x_wconf 91' lang='lat' dir='ltr'>con·</span> 
     </span>
     <span class='ocr_line' id='line_1_26' title="bbox 143 2248 1820 2324; baseline 0.002 -18"><span class='ocrx_word' id='word_1_218' title='bbox 143 2269 211 2306; x_wconf 84' lang='lat' dir='ltr'>tra</span> <span class='ocrx_word' id='word_1_219' title='bbox 237 2249 532 2302; x_wconf 75' lang='lat' dir='ltr'>Lusitaniam</span> <span class='ocrx_word' id='word_1_220' title='bbox 559 2252 715 2323; x_wconf 81' lang='lat' dir='ltr'>Regni</span> <span class='ocrx_word' id='word_1_221' title='bbox 743 2248 867 2301; x_wconf 84' lang='lat' dir='ltr'>illius</span> <span class='ocrx_word' id='word_1_222' title='bbox 896 2265 1045 2318; x_wconf 89' lang='lat' dir='ltr'>partes</span> <span class='ocrx_word' id='word_1_223' title='bbox 1072 2249 1217 2303; x_wconf 88' lang='lat' dir='ltr'>secuti</span> <span class='ocrx_word' id='word_1_224' title='bbox 1247 2252 1450 2306; x_wconf 88' lang='lat' dir='ltr'>fuerant.</span> <span class='ocrx_word' id='word_1_225' title='bbox 1508 2253 1668 2321; x_wconf 81' lang='lat' dir='ltr'>Qod</span> <span class='ocrx_word' id='word_1_226' title='bbox 1815 2319 1820 2324; x_wconf 17' lang='grc' dir='ltr'><strong>λ</strong></span> 
     </span>
     <span class='ocr_line' id='line_1_27' title="bbox 146 2318 1918 2402; baseline 0.003 -21"><span class='ocrx_word' id='word_1_227' title='bbox 146 2330 181 2382; x_wconf 79' lang='lat' dir='ltr'>si</span> <span class='ocrx_word' id='word_1_228' title='bbox 199 2329 415 2398; x_wconf 88' lang='lat' dir='ltr'>Princeps</span> <span class='ocrx_word' id='word_1_229' title='bbox 444 2326 578 2378; x_wconf 90' lang='lat' dir='ltr'>suam</span> <span class='ocrx_word' id='word_1_230' title='bbox 594 2324 840 2396; x_wconf 87' lang='lat' dir='ltr'>perdiderit</span> <span class='ocrx_word' id='word_1_231' title='bbox 857 2325 1258 2380; x_wconf 84' lang='lat' dir='ltr'>existimationem</span> <span class='ocrx_word' id='word_1_232' title='bbox 1272 2363 1290 2385; x_wconf 82' lang='grc'>,</span> <span class='ocrx_word' id='word_1_233' title='bbox 1321 2347 1401 2383; x_wconf 85' lang='lat' dir='ltr'>aut</span> <span class='ocrx_word' id='word_1_234' title='bbox 1418 2332 1543 2402; x_wconf 90' lang='lat' dir='ltr'>apud</span> <span class='ocrx_word' id='word_1_235' title='bbox 1558 2334 1667 2386; x_wconf 89' lang='lat' dir='ltr'>suos</span> <span class='ocrx_word' id='word_1_236' title='bbox 1693 2318 1918 2400; x_wconf 49' lang='grc' dir='ltr'>ζοῇἶῗζῇζζΜ</span> 
     </span>
     <span class='ocr_line' id='line_1_28' title="bbox 150 2403 1919 2480; baseline -0.001 -18"><span class='ocrx_word' id='word_1_237' title='bbox 150 2414 201 2462; x_wconf 87' lang='lat' dir='ltr'>in</span> <span class='ocrx_word' id='word_1_238' title='bbox 229 2420 515 2474; x_wconf 90' lang='lat' dir='ltr'>contemptu</span> <span class='ocrx_word' id='word_1_239' title='bbox 543 2403 680 2455; x_wconf 90' lang='lat' dir='ltr'>fuerit</span> <span class='ocrx_word' id='word_1_240' title='bbox 697 2447 709 2467; x_wconf 92' lang='lat'>,</span> <span class='ocrx_word' id='word_1_241' title='bbox 735 2404 786 2455; x_wconf 91' lang='lat' dir='ltr'>in</span> <span class='ocrx_word' id='word_1_242' title='bbox 813 2423 873 2454; x_wconf 89' lang='lat' dir='ltr'>eo</span> <span class='ocrx_word' id='word_1_243' title='bbox 903 2405 1011 2456; x_wconf 88' lang='lat' dir='ltr'>casu</span> <span class='ocrx_word' id='word_1_244' title='bbox 1040 2406 1191 2457; x_wconf 88' lang='lat' dir='ltr'>fateor</span> <span class='ocrx_word' id='word_1_245' title='bbox 1216 2450 1227 2469; x_wconf 94' lang='lat'>,</span> <span class='ocrx_word' id='word_1_246' title='bbox 1253 2425 1419 2476; x_wconf 89' lang='lat' dir='ltr'>parum</span> <span class='ocrx_word' id='word_1_247' title='bbox 1447 2411 1666 2480; x_wconf 88' lang='lat' dir='ltr'>profutu-</span> <span class='ocrx_word' id='word_1_248' title='bbox 1692 2414 1919 2470; x_wconf 53' lang='lat' dir='ltr'>dferwufift‘·</span> 
     </span>
     <span class='ocr_line' id='line_1_29' title="bbox 148 2463 1920 2560; baseline 0 -22"><span class='ocrx_word' id='word_1_249' title='bbox 148 2504 251 2538; x_wconf 87' lang='lat' dir='ltr'>ram</span> <span class='ocrx_word' id='word_1_250' title='bbox 285 2483 660 2555; x_wconf 79' lang='lat' dir='ltr'>benignitatem5</span> <span class='ocrx_word' id='word_1_251' title='bbox 684 2480 843 2532; x_wconf 78' lang='lat' dir='ltr'>immo</span> <span class='ocrx_word' id='word_1_252' title='bbox 875 2482 952 2533; x_wconf 87' lang='lat' dir='ltr'>illa</span> <span class='ocrx_word' id='word_1_253' title='bbox 974 2483 1070 2552; x_wconf 89' lang='lat' dir='ltr'>ipsa</span> <span class='ocrx_word' id='word_1_254' title='bbox 1097 2483 1240 2537; x_wconf 85' lang='lat' dir='ltr'>etiam</span> <span class='ocrx_word' id='word_1_255' title='bbox 1271 2486 1479 2538; x_wconf 87' lang='lat' dir='ltr'>remedia</span> <span class='ocrx_word' id='word_1_256' title='bbox 1501 2523 1518 2544; x_wconf 84' lang='lat'>‚</span> <span class='ocrx_word' id='word_1_257' title='bbox 1563 2507 1668 2560; x_wconf 90' lang='lat' dir='ltr'>quae</span> <span class='ocrx_word' id='word_1_258' title='bbox 1691 2463 1920 2556; x_wconf 46' lang='grc' dir='ltr'>Ξῗῇιῗζῖἒῖἴξ-</span> 
     </span>
     <span class='ocr_line' id='line_1_30' title="bbox 148 2558 1918 2643; baseline 0.002 -28"><span class='ocrx_word' id='word_1_259' title='bbox 148 2561 274 2615; x_wconf 88' lang='lat' dir='ltr'>mala</span> <span class='ocrx_word' id='word_1_260' title='bbox 290 2558 526 2628; x_wconf 84' lang='lat' dir='ltr'>ejusmodi</span> <span class='ocrx_word' id='word_1_261' title='bbox 555 2576 709 2610; x_wconf 85' lang='lat' dir='ltr'>curare</span> <span class='ocrx_word' id='word_1_262' title='bbox 723 2558 985 2611; x_wconf 84' lang='lat' dir='ltr'>debuerant</span> <span class='ocrx_word' id='word_1_263' title='bbox 1002 2603 1014 2622; x_wconf 92' lang='lat'>,</span> <span class='ocrx_word' id='word_1_264' title='bbox 1035 2560 1190 2634; x_wconf 82' lang='lat' dir='ltr'>magis</span> <span class='ocrx_word' id='word_1_265' title='bbox 1205 2560 1288 2614; x_wconf 91' lang='lat' dir='ltr'>illa</span> <span class='ocrx_word' id='word_1_266' title='bbox 1303 2562 1601 2622; x_wconf 85' lang='lat' dir='ltr'>exulcerant,</span> <span class='ocrx_word' id='word_1_267' title='bbox 1618 2567 1668 2617; x_wconf 71' lang='grc' dir='ltr'>ὃς</span> <span class='ocrx_word' id='word_1_268' title='bbox 1696 2559 1918 2643; x_wconf 38' lang='grc' dir='ltr'>’ἰῖᾒῇἶῑξγζὶῇζζ</span> 
     </span>
     <span class='ocr_line' id='line_1_31' title="bbox 147 2619 1921 2714; baseline -0.001 -23"><span class='ocrx_word' id='word_1_269' title='bbox 147 2638 409 2712; x_wconf 87' lang='lat' dir='ltr'>perniciosa</span> <span class='ocrx_word' id='word_1_270' title='bbox 425 2635 632 2687; x_wconf 88' lang='lat' dir='ltr'>reddunt</span> <span class='ocrx_word' id='word_1_271' title='bbox 652 2658 664 2684; x_wconf 78' lang='lat'>.-</span> <span class='ocrx_word' id='word_1_272' title='bbox 692 2636 775 2689; x_wconf 89' lang='lat' dir='ltr'>ubi</span> <span class='ocrx_word' id='word_1_273' title='bbox 792 2636 924 2687; x_wconf 87' lang='lat' dir='ltr'>enim</span> <span class='ocrx_word' id='word_1_274' title='bbox 940 2639 1119 2706; x_wconf 88' lang='lat' dir='ltr'>perierit</span> <span class='ocrx_word' id='word_1_275' title='bbox 1135 2640 1387 2691; x_wconf 65' lang='lat' dir='ltr'>aut-‘toritas</span> <span class='ocrx_word' id='word_1_276' title='bbox 1408 2676 1424 2697; x_wconf 88' lang='grc'>,</span> <span class='ocrx_word' id='word_1_277' title='bbox 1462 2660 1552 2695; x_wconf 91' lang='lat' dir='ltr'>nec</span> <span class='ocrx_word' id='word_1_278' title='bbox 1571 2662 1671 2714; x_wconf 79' lang='lat' dir='ltr'>poe-</span> <span class='ocrx_word' id='word_1_279' title='bbox 1696 2619 1869 2712; x_wconf 50' lang='grc' dir='ltr'>ὠὲοιιμιιος</span> <span class='ocrx_word' id='word_1_280' title='bbox 1904 2703 1921 2713; x_wconf 70' lang='lat'><em>„</em></span> 
     </span>
     <span class='ocr_line' id='line_1_32' title="bbox 147 2703 1922 2799; baseline 0.002 -30"><span class='ocrx_word' id='word_1_281' title='bbox 147 2736 220 2770; x_wconf 85' lang='lat' dir='ltr'>nae</span> <span class='ocrx_word' id='word_1_282' title='bbox 234 2715 522 2767; x_wconf 85' lang='lat' dir='ltr'>severitatem</span> <span class='ocrx_word' id='word_1_283' title='bbox 540 2714 756 2784; x_wconf 87' lang='lat' dir='ltr'>Princeps</span> <span class='ocrx_word' id='word_1_284' title='bbox 774 2714 888 2765; x_wconf 88' lang='lat' dir='ltr'>tueri</span> <span class='ocrx_word' id='word_1_285' title='bbox 909 2715 1079 2784; x_wconf 87' lang='lat' dir='ltr'>poterit</span> <span class='ocrx_word' id='word_1_286' title='bbox 1097 2758 1111 2779; x_wconf 90' lang='lat'>‚</span> <span class='ocrx_word' id='word_1_287' title='bbox 1146 2734 1236 2768; x_wconf 89' lang='lat' dir='ltr'>nec</span> <span class='ocrx_word' id='word_1_288' title='bbox 1262 2718 1490 2769; x_wconf 85' lang='lat' dir='ltr'>timorem</span> <span class='ocrx_word' id='word_1_289' title='bbox 1525 2720 1668 2772; x_wconf 88' lang='lat' dir='ltr'>incu—</span> <span class='ocrx_word' id='word_1_290' title='bbox 1694 2703 1922 2799; x_wconf 50' lang='grc' dir='ltr'>ᾜΞῇξζῖζζῗ</span> 
     </span>
     <span class='ocr_line' id='line_1_33' title="bbox 145 2790 1923 2867; baseline 0.002 -21"><span class='ocrx_word' id='word_1_291' title='bbox 145 2812 241 2846; x_wconf 86' lang='lat' dir='ltr'>tere</span> <span class='ocrx_word' id='word_1_292' title='bbox 272 2837 284 2856; x_wconf 91' lang='lat'><strong>,</strong></span> <span class='ocrx_word' id='word_1_293' title='bbox 327 2808 406 2843; x_wconf 87' lang='lat' dir='ltr'>aut</span> <span class='ocrx_word' id='word_1_294' title='bbox 433 2791 706 2861; x_wconf 83' lang='lat' dir='ltr'>exemplum</span> <span class='ocrx_word' id='word_1_295' title='bbox 741 2792 791 2843; x_wconf 87' lang='lat' dir='ltr'>in</span> <span class='ocrx_word' id='word_1_296' title='bbox 828 2790 1076 2843; x_wconf 88' lang='lat' dir='ltr'>seditiosos</span> <span class='ocrx_word' id='word_1_297' title='bbox 1106 2793 1299 2846; x_wconf 87' lang='lat' dir='ltr'>statuere</span> <span class='ocrx_word' id='word_1_298' title='bbox 1329 2821 1342 2857; x_wconf 80' lang='lat'>3</span> <span class='ocrx_word' id='word_1_299' title='bbox 1380 2813 1520 2867; x_wconf 84' lang='lat' dir='ltr'>atque</span> <span class='ocrx_word' id='word_1_300' title='bbox 1548 2797 1668 2850; x_wconf 79' lang='lat' dir='ltr'>adeo</span> <span class='ocrx_word' id='word_1_301' title='bbox 1694 2810 1796 2855; x_wconf 57' lang='grc' dir='ltr'>ΜΨ»</span> <span class='ocrx_word' id='word_1_302' title='bbox 1817 2798 1923 2856; x_wconf 61' lang='lat' dir='ltr'>mqtua</span> 
     </span>
     <span class='ocr_line' id='line_1_34' title="bbox 142 2849 1919 2944; baseline 0.005 -20"><span class='ocrx_word' id='word_1_303' title='bbox 142 2868 478 2924; x_wconf 87' lang='lat' dir='ltr'>incommodis</span> <span class='ocrx_word' id='word_1_304' title='bbox 501 2868 660 2921; x_wconf 89' lang='lat' dir='ltr'>cedere</span> <span class='ocrx_word' id='word_1_305' title='bbox 674 2884 862 2938; x_wconf 89' lang='lat' dir='ltr'>oportet</span> <span class='ocrx_word' id='word_1_306' title='bbox 895 2913 907 2933; x_wconf 92' lang='lat'>,</span> <span class='ocrx_word' id='word_1_307' title='bbox 938 2868 987 2919; x_wconf 74' lang='grc' dir='ltr'>δε</span> <span class='ocrx_word' id='word_1_308' title='bbox 1017 2869 1297 2939; x_wconf 82' lang='lat' dir='ltr'>prudenter,</span> <span class='ocrx_word' id='word_1_309' title='bbox 1327 2890 1569 2943; x_wconf 86' lang='lat' dir='ltr'>quantum</span> <span class='ocrx_word' id='word_1_310' title='bbox 1587 2875 1668 2927; x_wconf 83' lang='lat' dir='ltr'>fie—</span> <span class='ocrx_word' id='word_1_311' title='bbox 1693 2849 1919 2944; x_wconf 47' lang='lat' dir='ltr'>ffugiifiiim,</span> 
     </span>
     <span class='ocr_line' id='line_1_35' title="bbox 142 2944 1921 3027; baseline 0.002 -25"><span class='ocrx_word' id='word_1_312' title='bbox 142 2950 178 3002; x_wconf 83' lang='lat' dir='ltr'>ri</span> <span class='ocrx_word' id='word_1_313' title='bbox 204 2948 355 3019; x_wconf 88' lang='lat' dir='ltr'>potest</span> <span class='ocrx_word' id='word_1_314' title='bbox 373 2991 385 3011; x_wconf 90' lang='lat'>‚</span> <span class='ocrx_word' id='word_1_315' title='bbox 418 2945 595 2998; x_wconf 88' lang='lat' dir='ltr'>artibus</span> <span class='ocrx_word' id='word_1_316' title='bbox 624 2944 927 3018; x_wconf 78' lang='lat' dir='ltr'>consiliisque</span> <span class='ocrx_word' id='word_1_317' title='bbox 944 2946 1258 3000; x_wconf 70' lang='lat' dir='ltr'>faffiosorum</span> <span class='ocrx_word' id='word_1_318' title='bbox 1272 2949 1468 3002; x_wconf 82' lang='lat' dir='ltr'>obviam</span> <span class='ocrx_word' id='word_1_319' title='bbox 1485 2952 1576 3016; x_wconf 78' lang='lat' dir='ltr'>ire3</span> <span class='ocrx_word' id='word_1_320' title='bbox 1600 2955 1669 3006; x_wconf 91' lang='lat' dir='ltr'>uti</span> <span class='ocrx_word' id='word_1_321' title='bbox 1695 2946 1921 3027; x_wconf 52' lang='lat' dir='ltr'>‘tlu‘bmpmba‘</span> 
     </span>
    </p>
   </div>
   <div class='ocr_carea' id='block_1_2' title="bbox 1711 2996 1902 3039">
    <p class='ocr_par' dir='ltr' id='par_1_3' title="bbox 1711 2996 1902 3039">
     <span class='ocr_line' id='line_1_36' title="bbox 1711 2996 1902 3039; baseline 0.005 -11"><span class='ocrx_word' id='word_1_322' title='bbox 1711 3006 1746 3028; x_wconf 79' lang='lat' dir='ltr'>ur</span> <span class='ocrx_word' id='word_1_323' title='bbox 1759 3024 1769 3039; x_wconf 89' lang='lat'>‚</span> <span class='ocrx_word' id='word_1_324' title='bbox 1792 2996 1902 3029; x_wconf 68' lang='lat' dir='ltr'>artibus</span> 
     </span>
    </p>
   </div>
   <div class='ocr_carea' id='block_1_3' title="bbox 142 3021 1831 3088">
    <p class='ocr_par' dir='ltr' id='par_1_4' title="bbox 142 3021 1831 3088">
     <span class='ocr_line' id='line_1_37' title="bbox 142 3021 1831 3088; baseline 0.002 -9"><span class='ocrx_word' id='word_1_325' title='bbox 142 3027 255 3079; x_wconf 87' lang='lat' dir='ltr'>fecit</span> <span class='ocrx_word' id='word_1_326' title='bbox 268 3021 478 3087; x_wconf 89' lang='lat' dir='ltr'>Vocula,</span> <span class='ocrx_word' id='word_1_327' title='bbox 497 3026 612 3076; x_wconf 81' lang='lat' dir='ltr'>cum</span> <span class='ocrx_word' id='word_1_328' title='bbox 631 3026 745 3077; x_wconf 88' lang='lat' dir='ltr'>vires</span> <span class='ocrx_word' id='word_1_329' title='bbox 759 3022 843 3076; x_wconf 85' lang='lat' dir='ltr'>fibi</span> <span class='ocrx_word' id='word_1_330' title='bbox 858 3022 1008 3076; x_wconf 88' lang='lat' dir='ltr'>deesse</span> <span class='ocrx_word' id='word_1_331' title='bbox 1022 3024 1196 3078; x_wconf 82' lang='lat' dir='ltr'>videret</span> <span class='ocrx_word' id='word_1_332' title='bbox 1213 3025 1271 3078; x_wconf 89' lang='lat' dir='ltr'>ad</span> <span class='ocrx_word' id='word_1_333' title='bbox 1290 3029 1575 3081; x_wconf 72' lang='lat' dir='ltr'>coercendas</span> <span class='ocrx_word' id='word_1_334' title='bbox 1592 3049 1668 3083; x_wconf 91' lang='lat' dir='ltr'>tu-</span> <span class='ocrx_word' id='word_1_335' title='bbox 1692 3043 1831 3088; x_wconf 64' lang='lat' dir='ltr'>graffari-</span> 
     </span>
    </p>
   </div>
   <div class='ocr_carea' id='block_1_4' title="bbox 142 3092 1921 3177">
    <p class='ocr_par' dir='ltr' id='par_1_5' title="bbox 142 3092 1921 3177">
     <span class='ocr_line' id='line_1_38' title="bbox 142 3092 1921 3177; baseline 0.002 -20"><span class='ocrx_word' id='word_1_336' title='bbox 142 3103 437 3157; x_wconf 84' lang='lat' dir='ltr'>multuantes</span> <span class='ocrx_word' id='word_1_337' title='bbox 452 3112 467 3133; x_wconf 85' lang='lat'><em>⁰</em></span> <span class='ocrx_word' id='word_1_338' title='bbox 483 3102 739 3177; x_wconf 77' lang='lat' dir='ltr'>Legiones,</span> <span class='ocrx_word' id='word_1_339' title='bbox 780 3100 1000 3154; x_wconf 88' lang='lat' dir='ltr'>Eandem</span> <span class='ocrx_word' id='word_1_340' title='bbox 1022 3102 1090 3157; x_wconf 95' lang='lat' dir='ltr'>ob</span> <span class='ocrx_word' id='word_1_341' title='bbox 1107 3102 1315 3159; x_wconf 84' lang='lat' dir='ltr'>cauffam</span> <span class='ocrx_word' id='word_1_342' title='bbox 1331 3107 1432 3159; x_wconf 88' lang='lat' dir='ltr'>Rex</span> <span class='ocrx_word' id='word_1_343' title='bbox 1462 3109 1673 3161; x_wconf 89' lang='lat' dir='ltr'>Ioannes</span> <span class='ocrx_word' id='word_1_344' title='bbox 1700 3093 1806 3175; x_wconf 53' lang='lat' dir='ltr'>{ffif‘</span> <span class='ocrx_word' id='word_1_345' title='bbox 1825 3092 1921 3138; x_wconf 40' lang='grc' dir='ltr'>Μ’*</span> 
     </span>
    </p>
   </div>
   <div class='ocr_carea' id='block_1_5' title="bbox 893 3181 1674 3241">
    <p class='ocr_par' dir='ltr' id='par_1_6' title="bbox 893 3181 1674 3241">
     <span class='ocr_line' id='line_1_39' title="bbox 893 3181 1674 3241; baseline 0.012 -11"><span class='ocrx_word' id='word_1_346' title='bbox 893 3181 936 3229; x_wconf 92' lang='grc' dir='ltr'>Ζ</span> <span class='ocrx_word' id='word_1_347' title='bbox 956 3198 983 3232; x_wconf 84' lang='lat' dir='ltr'><em>z</em></span> <span class='ocrx_word' id='word_1_348' title='bbox 1020 3199 1046 3232; x_wconf 80' lang='lat'><em>2</em></span> <span class='ocrx_word' id='word_1_349' title='bbox 1492 3186 1674 3241; x_wconf 86' lang='lat' dir='ltr'>Secun-</span> 
     </span>
    </p>
   </div>
  </div>
 </body>
</html>
