2394 3768
500 1476 513 1499 d
531 1476 595 1516 Fili,
603 1474 663 1521 fine
678 1473 725 1508 εἴ·

494 1523 558 1569 filt'o
581 1525 656 1558 nihil
674 1523 728 1568 sa-

501 1584 567 1616 tias,
583 1571 682 1617 &post

492 1620 605 1666 sadum
619 1632 673 1653 non

494 1669 720 1711 poenitebuAEc-

498 1715 570 1749 cles.
587 1727 631 1759 32.
645 1729 704 1760 ²⁴4·

744 338 830 382 470
1117 321 1425 363 DIDACI
1483 321 1926 362 SAAVEDRAE

853 405 904 457 5.
940 394 1097 460 Qod
1116 393 1145 445 st
1162 393 1283 447 faofi
1310 392 1440 445 bona
1462 392 1792 444 Ministrorum
1819 393 2057 445 electione
2071 412 2156 464 pro
2185 412 2268 444 ne-

743 476 910 553 gotiis,
933 476 982 524 ὃ(
1016 471 1238 524 adhibitis
1255 470 1507 541 prudenter
1529 470 1696 522 mediis
1717 514 1728 532 ‚
1743 487 1939 521 eventus
1957 488 2147 541 optatus
2165 489 2270 521 non

743 551 1153 623 respondeatmon
1171 549 1397 619 poeniteat
1416 547 1526 599 faoi
1545 548 1824 617 Principem5
1839 565 1958 618 quin
1978 546 2134 616 potius
2151 566 2273 599 con·

746 631 921 681 stanter
945 626 1060 679 illud
1079 627 1195 679 ferat
1225 646 1235 674 :
1268 643 1423 696 neque
1441 627 1572 676 enim
1604 624 1628 676 a
1662 625 1768 676 casu
1805 622 2000 675 consilia
2032 622 2275 675 metienda

743 708 872 761 sunt,
891 703 970 757 sed
985 704 1010 756 a
1029 699 1289 774 prudentia.
1308 704 1516 753 Eventus
1535 702 1732 763 fortuiti,
1749 701 1830 771 qui
1848 698 2079 770 praevideri
2097 717 2175 752 aut
2193 719 2272 752 ca-

743 784 835 838 veri
852 801 957 834 non
979 779 1189 851 potuere,
1205 779 1389 830 factum
1408 797 1512 830 non
1529 779 1720 840 vitiant3
1749 777 1869 830 velle
1885 794 2043 828 autem
2060 778 2109 827 ὅ(
2123 796 2275 828 cona-

749 857 1134 930 tumimptobare
1150 901 1162 919 ‚
1191 854 1520 925 imprudentiae
1551 853 1631 907 est.
1675 855 1895 907 Accidere
1925 853 2046 905 illud
2078 853 2193 905 solet
2221 855 2274 906 iis

751 936 1048 1007 Principibus
1063 978 1073 995 ,
1091 935 1173 1005 qui
1191 951 1282 985 nec
1295 932 1476 1002 judicio
1490 932 1677 1002 pollent
1691 975 1701 993 ,
1720 950 1810 984 nec
1824 932 1971 983 animi
1991 931 2185 983 robore:
2203 930 2272 983 isti

748 1015 884 1068 enim
915 1011 1127 1064 infaustis
1143 1009 1340 1080 oppreffi
1365 1009 1640 1062 successibus
1657 1053 1668 1072 ‚
1697 1011 1744 1060 δε
1767 1008 1892 1080 quasi
1911 1025 2033 1060 extra
2051 1009 2094 1060 se
2110 1008 2271 1078 positi,

751 1090 931 1144 cedunt
947 1087 1313 1161 imaginationi,
1339 1087 1388 1135 ὅ(
1408 1086 1846 1139 consultationibus
1871 1086 2018 1137 animi
2034 1085 2191 1137 dubiis
2209 1085 2269 1139 de

750 1187 812 1221 eo
827 1212 839 1232 ‚
866 1164 1001 1239 quod
1027 1166 1124 1233 jam
1152 1164 1361 1234 praeteriit
1377 1207 1389 1226 ‚
1406 1180 1596 1233 tempus
1625 1163 1830 1232 perdunt
1847 1164 1895 1213 δε
1914 1164 2235 1215 attentionem
2254 1207 2269 1226 ‚

748 1245 963 1317 quamin
990 1241 1204 1313 parando
1217 1240 1430 1292 remedio
1454 1240 1675 1292 adhibere
1691 1242 1945 1311 oportebat
1961 1284 1973 1304 ‚
2003 1257 2273 1314 pugnantes

747 1325 912 1376 secum
926 1318 1007 1391 ipsi
1027 1363 1039 1383 ,
1053 1316 1112 1370 eo
1125 1314 1258 1390 quod
1273 1317 1401 1369 aliud
1416 1316 1671 1371 consilium
1690 1318 1831 1369 secuti
1852 1336 1954 1368 non
1971 1316 2059 1369 (int
2079 1362 2090 1380 ‚
2103 1318 2150 1368 ὃ(
2170 1317 2274 1370 cul-

747 1418 861 1471 pam
879 1399 931 1451 in
945 1414 1060 1449 eum
1076 1395 1350 1458 conferunt,
1368 1395 1450 1467 qui
1467 1393 1650 1447 consilii
1666 1395 1896 1464 praesentis
1912 1398 2076 1447 auetor
2091 1396 2266 1458 extitit,

753 1475 871 1528 nihil
890 1472 1018 1546 penfi
1034 1471 1291 1536 habentes,
1319 1491 1441 1523 num
1455 1472 1626 1524 rationi
1641 1471 1660 1503 d
1671 1474 1892 1523 innixum
1911 1473 2063 1527 fuerit,
2082 1491 2265 1525 necne.

751 1556 787 1604 E
804 1571 906 1625 quo
923 1550 993 1616 fit,
1007 1566 1061 1602 ut
1077 1552 1162 1623 qui
1175 1549 1202 1601 ἐι
1219 1548 1427 1602 consiliis
1445 1549 1863 1613 sunt‚sententiam
1883 1550 2015 1601 suam
2028 1549 2180 1601 dicere
2193 1568 2271 1602 ve-

749 1646 939 1683 reantur
954 1668 968 1692 ,
986 1626 1253 1698 multasque
1269 1627 1502 1698 patiantur
1516 1626 1637 1679 elabi
1652 1626 1924 1679 occasiones
1937 1661 1952 1682 ‚
1985 1645 2075 1678 nec
2090 1642 2273 1696 tempe-

748 1707 860 1760 stive
878 1720 1236 1760 commoneant
1252 1704 1602 1774 Principem‚ne
1616 1703 1813 1775 gratiam
1830 1703 1961 1754 suam
1974 1705 2023 1753 δε
2040 1703 2273 1755 existima·

749 1786 937 1835 tionem
954 1783 1022 1833 ob
1038 1797 1235 1833 eventus
1251 1780 1457 1830 incertos
1480 1779 1687 1848 periculo
1702 1779 1949 1847 objiciant.
1976 1783 2270 1832 Incommo-

750 1858 976 1910 daistliaec
993 1856 1106 1925 velis
1131 1854 1369 1926 remisque
1382 1854 1734 1928 fugiendasunt
1756 1857 1949 1926 Principi
1971 1900 1982 1919 ‚
2012 1856 2270 1928 dandaque

751 1954 890 2006 opera
904 1980 916 1997 ‚
942 1951 995 1986 ut
1010 1935 1059 1985 in
1076 1930 1257 1985 casibus
1272 1930 1466 1983 adversis
1484 1930 1704 1982 constans
1719 1932 1918 2002 persistat
1934 1967 1948 1987 ‚
1964 1933 2073 1984 suos
2089 1933 2271 2004 semper

749 2013 975 2064 excusans
991 2007 1338 2069 Ministros‚ubi
1356 2008 1605 2059 manifeste
1618 2010 1668 2058 in
1684 2008 1774 2060 illis
1792 2028 1895 2059 non
1912 2009 2272 2080 deliquerint,ut

748 2087 886 2141 tanto
903 2087 1069 2155 majori
1086 2086 1126 2135 ei
1145 2085 1297 2136 adsint
1317 2087 1484 2135 animo
1497 2118 1511 2138 ‚
1527 2084 1582 2135 ad
1600 2102 1682 2134 eos
1700 2086 1827 2135 casus
1840 2085 2106 2137 vincendos
2124 2106 2176 2139 ac
2194 2087 2270 2140 su—

748 2163 1001 2236 perandos.
1032 2165 1087 2213 Et
1102 2160 1285 2213 tametsi
1302 2163 1352 2211 in
1374 2161 1603 2211 consultis
1619 2160 2016 2231 quibusdamjam
2032 2165 2270 2215 executio-

746 2244 797 2294 ni
822 2241 940 2293 datis
960 2239 1114 2309 aperte
1139 2255 1343 2290 erratum
1370 2238 1506 2288 fuerit
1527 2281 1538 2299 ‚
1565 2237 1722 2288 adhuc
1750 2239 1968 2290 serenum
2002 2240 2047 2290 se
2071 2240 2270 2310 praebere

747 2334 953 2389 oportet.
971 2319 1101 2368 Nam
1118 2313 1556 2390 quodjamfadum,
1574 2312 1900 2387 infec‘iumfiem'
1913 2319 2088 2390 nequit,
2107 2335 2157 2368 ut
2176 2318 2270 2373 dici

748 2395 880 2447 solet.
904 2397 956 2444 ln
972 2394 1102 2446 casus
1114 2396 1366 2462 praeteritos
1381 2391 1625 2442 intendere
1641 2408 1831 2459 oportet
1844 2394 2030 2455 oculos,
2051 2411 2102 2444 ut
2116 2394 2270 2448 disca·-

753 2491 878 2533 mus,
895 2489 999 2522 non
1015 2487 1067 2521 ut
1083 2470 1274 2521 nosmet
1293 2469 1572 2520 cruciemus.
1602 2467 1777 2519 Eiidem
1795 2471 1943 2520 animi
1971 2471 2270 2544 magnitudi-

759 2568 821 2600 ne
837 2567 957 2617 opus
973 2547 1053 2612 est,
1065 2563 1118 2597 ut
1136 2565 1212 2616 per
1228 2564 1399 2596 errores
1418 2546 1723 2609 transeamus,
1738 2564 1791 2598 ac
1809 2565 1886 2616 per
1903 2548 2121 2616 pericula.
2138 2548 2273 2601 Nul-

753 2626 856 2678 lum
879 2624 974 2676 sine
989 2625 1082 2676 illis
1097 2624 1372 2693 Imperium.
1391 2621 1493 2686 Qui
1508 2641 1590 2672 eos
1604 2623 1815 2672 nimium
1830 2625 2056 2686 timuerit,
2072 2625 2142 2677 nil
2161 2626 2271 2679 certi

758 2704 953 2764 statuet,
981 2703 1030 2750 ὅ(
1048 2702 1174 2772 pejor
1205 2698 1504 2771 quandoque
1530 2698 1592 2749 est
1618 2696 1840 2751 liaesitatio
1857 2702 2005 2752 animi
2037 2704 2272 2773 anceps&

757 2780 921 2842 dubia,
935 2780 1083 2849 quam
1096 2777 1190 2847 ipse
1207 2794 1343 2827 error.
1358 2776 1560 2847 Ingenio
1576 2774 1871 2827 considerato
1885 2777 1935 2826 ὃς
1947 2796 2173 2849 prompto
2188 2797 2272 2830 ne-

757 2857 889 2929 gotia
919 2854 1157 2927 indigent.
1188 2853 1232 2904 Si
1257 2852 1440 2925 singula
1468 2870 1580 2902 cum
1601 2852 1805 2904 extrema
1837 2855 2104 2906 attentione
2127 2854 2271 2907 curari

757 2947 1008 3001 oporteret,
1025 2931 1177 2982 multa
1196 2928 1546 3002 negligerentur
1559 2927 1662 2990 alia,
1675 2946 1787 2978 cum
1800 2929 2065 3000 gravissimo
2081 2949 2269 2989 eorum,

758 3025 968 3080 quorum
984 3007 1187 3061 interest,
1205 3007 1253 3056 ὅ(
1268 3005 1630 3079 gubernationis
1643 3003 1843 3074 publicae
1855 3004 2159 3060 detrimento.

2088 3160 2271 3222 SYM-
