2394 3768
477 1789 586 1826 Zurit.
608 1790 692 1826 Ann.

479 1841 519 1873 de
534 1842 629 1886 Arag.

483 2800 604 2838 Euseb.
626 2800 660 2835 in

483 2851 541 2886 vit.
563 2850 679 2886 Const-

484 2929 613 2963 Chron.

484 2978 573 3028 ch.
589 2976 696 3013 Goth.

730 328 812 376 664
1072 319 1389 360 DtDAcr
1450 320 1912 361 sAAVEDRAE

734 390 935 456 Quarti,
954 387 1037 459 qui
1057 384 1351 438 Andiensem
1370 384 1490 439 fovit
1506 385 1775 438 faitionem
1795 385 2016 440 adversus
2033 388 2258 459 Alp'hon-

732 471 840 525 sum
855 470 1039 539 Regem
1053 462 1437 535 Neapolitanum
1454 485 1464 513 :
1481 461 1751 516 Clementis
1765 463 1961 530 Quinti,
1978 467 2061 537 qui
2085 467 2260 540 Philip·

731 564 852 618 pum
879 542 1156 594 Valoe’lium
1184 540 1436 595 advocavit
1457 543 1508 593 in
1539 541 1769 594 auxilium
1802 559 1972 595 contra
1990 545 2258 614 Dynastam

732 621 1059 675 Procomitcm
1080 619 1503 672 Mediolanensem
1518 622 1720 673 :Leonis
1749 620 2263 685 Decimi‚&Clemen-

726 702 784 754 tis
802 700 1000 770 Septimi
1021 745 1033 764 ‚
1048 700 1262 772 quicum
1281 698 1530 752 francisco
1546 696 1708 750 Galliae
1726 700 1854 773 Rege
1869 697 2028 752 foedus
2044 699 2255 773 pepigere

726 777 944 833 adversus
972 776 1209 830 Carolum
1237 776 1490 844 Quintum
1526 777 1870 846 Imperatorem
1890 820 1903 840 ,
1929 794 1984 829 ut
2014 776 2257 848 Hispanos

722 855 854 911 Italia
882 857 1127 928 ejicerent.
1171 852 1564 907 Incommodum
1595 854 1718 906 istud
1753 874 1808 905 ex
1834 874 1895 906 eo
1919 855 2063 906 oritur
2081 899 2094 919 ‚
2123 854 2257 927 quod

724 951 919 988 tantum
939 933 1069 987 Sedis
1085 931 1370 1005 Apostolicae
1387 931 1580 1000 pondus
1596 932 1649 984 fit
1665 977 1676 994 ,
1704 950 1756 985 ut
1772 932 1963 985 lancem
1986 977 1998 996 ‚
2021 934 2073 983 in
2103 951 2254 1005 quam

725 1014 946 1080 conjecta
967 1012 1103 1065 fuerit
1130 1055 1143 1076 ‚
1182 1009 1365 1064 neceffe
1393 1009 1447 1062 fit
1479 1009 1742 1081 plurimum
1773 1010 2001 1081 deprimi.
2050 1012 2260 1064 Moverit

723 1090 847 1144 forte
864 1088 922 1141 ad
946 1090 1030 1142 ista
1048 1105 1343 1142 memoratos
1371 1088 1627 1141 Pontifices
1641 1087 1798 1161 aliqua
1817 1087 1934 1140 boni
1962 1089 1989 1137 s
1985 1089 2134 1157 pecies
2149 1134 2161 1153 ,
2204 1090 2257 1141 in

725 1167 966 1240 aliquibus
985 1184 1151 1221 tamen
1180 1168 1446 1220 intentioni
1478 1166 1748 1221 eorundem
1779 1164 1985 1217 minime
2012 1166 2258 1237 respondit

728 1244 945 1299 effectus.

835 1330 888 1382 ,οἱ
909 1322 1093 1377 Verum
1112 1322 1230 1377 ficut
1244 1321 1481 1376 Pontificii
1505 1322 1716 1375 muneris
1731 1321 1795 1373 cst
1810 1341 2016 1373 omnem
2033 1321 2257 1374 adhibere

726 1420 918 1467 curam,
949 1419 1002 1454 ut
1019 1403 1243 1475 inquiete
1270 1421 1324 1455 ac
1342 1400 1685 1475 tranquillitate
1711 1400 2050 1453 conserventur
2081 1402 2257 1454 Princi—

724 1499 804 1551 pes
836 1525 848 1544 ,
874 1483 935 1533 ita
960 1480 1006 1533 hi
1025 1479 1219 1536 viciffim
1237 1479 1418 1533 debent
1451 1477 1668 1551 (tametsi
1695 1477 1891 1529 nullum
1906 1475 2012 1529 effet
2031 1476 2255 1531 divinum

721 1576 1032 1631 praeceptum,
1044 1561 1111 1612 uti
1128 1561 1277 1614 revera
1296 1559 1379 1628 est)
1398 1557 1506 1611 suos
1521 1557 1702 1628 semper
1717 1555 1919 1630 defigere
1935 1557 2107 1609 oculos
2121 1603 2134 1621 ‚
2151 1561 2255 1609 He-

722 1636 932 1708 liotropii
952 1637 1010 1689 ad
1029 1638 1189 1694 instar,
1204 1638 1255 1689 in
1276 1636 1387 1689 Sole
1403 1636 1494 1697 insto
1505 1638 1651 1687 Tiarae
1667 1633 1928 1686 Pontificiae
1944 1669 1958 1690 ‚
1974 1636 2055 1707 qui
2072 1634 2256 1705 semper

725 1715 871 1771 lucet,
892 1716 939 1764 &
956 1735 1217 1787 nunquam
1233 1713 1416 1768 occidit
1439 1758 1452 1778 ,
1478 1716 1526 1765 in
1542 1712 1736 1785 ejusque
1753 1711 2090 1764 obedientia&
2114 1711 2259 1764 tutela

726 1811 1026 1862 permanere.
1068 1797 1186 1843 Eam
1217 1792 1287 1844 ob
1316 1790 1521 1843 caussam
1547 1789 1650 1840 filio
1678 1789 1766 1839 suo
1795 1787 2102 1840 Fctdinando
2131 1790 2251 1862 Regi

723 1869 1055 1938 Neapolitano
1074 1868 1289 1938 praecepit
1315 1866 1589 1937 Alphonsus
1625 1864 1844 1931 Qintus
1864 1865 1963 1917 Rex
1986 1870 2253 1940 Aragonius

722 1945 824 1998 fato
852 1946 950 2013 jam
980 1942 1281 1996 conceffurus
1301 1986 1315 2005 ‚
1338 1961 1391 1994 ut
1419 1945 1696 1994 auctoritate
1730 1943 1861 1993 Sedis
1891 1943 2172 2011 Apostolicae
2203 1945 2256 1994 &

722 2021 1018 2075 Pontificum
1035 2019 1178 2093 gratia
1196 2017 1316 2070 nihil
1347 2018 1504 2088 potius
1517 2019 1707 2070 duceret
1723 2062 1735 2079 ,
1771 2018 2049 2090 caveretque
2067 2038 2150 2072 eos
2173 2021 2254 2073 of-

722 2098 916 2153 fendere
932 2141 943 2161 ‚
969 2093 1150 2149 tametsi
1165 2093 1457 2165 justiffimam
1474 2094 1643 2147 habere
1659 2093 1865 2147 caussam
1881 2096 2128 2149 videretur.
2159 2100 2256 2151 Im„

724 2179 870 2248 pietas
883 2192 962 2228 aut
977 2172 1300 2246 imprudentia
1314 2173 1497 2247 gloriati
1511 2171 1726 2235 solent,s1
1741 2172 1876 2225 suam
1893 2174 2109 2227 adversus
2127 2179 2257 2228 Pon-

725 2255 874 2309 tifices
888 2254 1002 2305 tueri
1022 2251 1194 2323 poffint
1209 2251 1503 2326 gravitatem.
1533 2253 1594 2303 Iis
1620 2250 1714 2302 sese
1731 2251 2013 2304 submittere
2029 2272 2134 2305 non
2151 2254 2258 2307 vili-

728 2351 797 2387 tas
812 2332 960 2386 animi
978 2331 1040 2384 est
1057 2366 1072 2387 ‚
1095 2330 1172 2383 sed
1188 2329 1353 2404 religio
1367 2356 1382 2393 5
1413 2347 1519 2380 non
1536 2331 2011 2399 auctoritatisjactura
2028 2370 2041 2394 ,
2069 2329 2149 2384 sed
2162 2331 2256 2384 ho-

728 2430 836 2465 nor.
871 2410 1220 2462 Venerationes
1235 2407 1260 2459 a
1280 2408 1499 2459 maximis
1512 2408 1656 2459 etiarn
1676 2408 1969 2478 Principibus
1988 2426 2102 2461 cum
2120 2407 2259 2462 sum-

726 2488 806 2543 ma
823 2486 1102 2541 demiffione
1117 2487 1170 2538 iis
1200 2483 1442 2549 exhibitae,
1472 2485 1546 2555 pia
1569 2486 1683 2538 sunt
1712 2487 2118 2559 magnanimitas,
2149 2506 2256 2560 quae

729 2568 954 2623 erudiunt
971 2565 1087 2619 alios
1103 2592 1117 2628 3
1158 2581 1210 2616 ut
1224 2561 1388 2616 norint
1403 2580 1614 2636 quantus
1630 2562 1768 2615 rebus
1785 2564 1811 2613 s
1806 2564 1919 2615 acris
1935 2562 2184 2616 habendus
2198 2565 2253 2620 fit

728 2646 909 2699 honos.
944 2647 1064 2695 Non
1089 2642 1176 2695 illae
1193 2642 1448 2694 infamiam
1464 2641 1651 2712 pariunt
1677 2676 1691 2697 ,
1729 2640 1809 2691 sed
1833 2639 2071 2714 insignem
2097 2642 2257 2713 potius

727 2722 854 2796 apud
880 2741 1057 2776 omnes
1080 2720 1306 2777 laudem,
1332 2735 1385 2772 ut
1400 2737 1553 2772 nemo
1570 2719 1825 2791 quisquam
1851 2720 2002 2771 animi
2020 2719 2257 2791 abjectio-

728 2821 844 2855 nem
870 2799 1156 2871 interpretari
1182 2797 1366 2851 audeat.
1407 2802 1476 2849 Ita
1500 2797 1832 2848 Constantino
1859 2800 2134 2868 Imperatori
2161 2818 2250 2852 ne-

727 2899 815 2932 mo
833 2879 965 2934 vertit
981 2877 1099 2930 vitio
1117 2920 1130 2940 ,
1157 2875 1292 2948 quod
1310 2876 1361 2926 in
1379 2874 1726 2946 Episcoporum
1744 2874 1958 2928 concilio
1974 2874 2141 2928 locum
2158 2877 2251 2930 hu-

727 2957 896 3010 milem
910 2954 1253 3024 occuparet‚uti
1268 2970 1360 3006 nec
1374 2952 1491 3027 Regi
1504 2951 1815 3024 AEgicae‚cum
1831 2955 1882 3004 in
1898 2952 1994 3004 alio
2006 2953 2246 3006 sacrorum

729 3034 981 3087 Praesulum
1012 3049 1259 3083 conventu
1284 3030 1443 3083 Toleti
1471 3029 1710 3082 celebrato
1743 3032 1792 3080 in
1821 3047 1990 3083 terram
2020 3031 2115 3083 sese
2142 3051 2248 3102 pro=

730 3112 963 3166 sterneret.
993 3107 1336 3181 Oppofitiones
1360 3123 1531 3162 contra
1544 3105 1797 3159 Pontifices
1821 3107 2247 3181 nunquam-{voto

2089 3184 2250 3239 succe—

2380 39 2388 315 l

2385 319 2390 439 i

2389 650 2394 706 ἓ

2390 711 2394 845 i
