2394 3768
472 413 551 445 Zur.
570 409 637 444 hist.

474 462 561 506 Arag
568 487 576 494 .

472 524 558 556 Mar.
581 523 650 556 hist.

719 333 801 373 666
1082 326 1378 368 DIDACI
1433 325 1884 367 SAAVEDRAE

720 403 802 472 qui
828 397 1165 467 Episcopatum
1193 395 1669 469 Caesaraugustanum
1686 394 1929 448 Cardinali
1954 396 2100 449 Aufiae
2119 402 2245 452 Dez-

722 476 900 548 puehio
918 471 1260 538 contulerat,e‹5
1273 472 1407 545 quod
1424 472 1484 525 ab
1497 474 1600 543 ipso
1613 476 1760 547 Rege,
1777 490 1829 525 ut
1846 473 2000 525 eratid
2020 481 2243 548 temporis

474 570 692 615 Hisp.11b.24.
726 552 942 605 moribus
957 551 1542 622 usurparum‚nominatus
1559 570 1663 603 non
1682 551 1973 619 effct.Quare
1988 552 2038 602 in
2053 552 2242 606 bona&

470 631 501 652 c.
519 628 572 653 16.

474 1100 551 1133 Ant.
570 1099 659 1134 Ncb.

472 1146 544 1180 bist.
565 1149 661 1196 Hisp-

471 1207 500 1230 c.
518 1209 597 1232 120.

723 633 977 702 Cognatos
991 628 1258 680 Cardinalis
1271 627 1507 702 graffium,
1522 631 1711 698 pervicit
1727 629 1943 690 tandem,
1957 645 2009 681 ut
2025 630 2062 680 is
2081 633 2243 683 Ponti-

723 707 865 759 ficatu
882 708 926 757 se
940 706 1175 758 abdicaret
1193 741 1210 761 ‚
1239 725 1387 777 quem
1404 705 1578 757 deinde
1599 710 1696 757 Rex
1713 706 1844 757 dedit
1859 708 2041 777 Nepoti
2059 707 2145 757 suo
2162 708 2243 760 Al-

719 785 929 855 phons0,
949 786 1022 835 cui
1037 785 1318 853 jampridem
1337 783 1484 836 fuerat
1501 783 1774 836 destinatus.
1794 783 1971 835 Eadem
1989 786 2243 836 eontentio

720 862 886 934 paullo
900 862 1000 932 post
1020 863 1078 913 de
1094 859 1424 912 Turiasonensi
1443 861 1641 914 Ecclesia
1659 879 1761 913 orta
1780 862 1869 913 fuit
1887 905 1898 924 ‚
1914 858 2121 914 cuicum
2137 864 2244 933 qui-

719 940 834 992 dam
851 941 1095 1010 supremus
1119 938 1281 1009 judicii
1312 940 1471 991 Praeses
1487 938 1789 1009 praeficeretur
1804 939 2088 1010 Episcopus,
2122 939 2243 1009 jussit

719 1036 831 1069 eum
859 1017 993 1070 illico
1007 1017 1271 1068 renuntiare
1290 1017 1476 1080 Infulae3
1508 1018 1559 1068 ni
1577 1018 1746 1069 faceret
1766 1061 1777 1080 ‚
1806 1036 1920 1068 eum
1937 1019 1986 1069 <Sc
2003 1035 2241 1090 cognatos

719 1115 815 1164 ejus
831 1114 1004 1147 omnes
1019 1097 1044 1147 ἐ
1059 1096 1237 1168 Regnis
1250 1095 1340 1146 suis
1356 1096 1562 1165 ejectum
1577 1097 1627 1146 iri
1646 1095 1970 1148 minitabatur.
2001 1094 2135 1146 Idem
2151 1115 2242 1166 po—

716 1174 809 1226 stea
845 1174 958 1226 fecit
1002 1176 1210 1227 loannes
1235 1173 1376 1224 Filius
1410 1176 1509 1225 Rex
1535 1172 1859 1225 Ferdinandus
1884 1175 1934 1225 in
1958 1172 2236 1224 Conchensr

715 1250 1001 1304 Pontificatu
1020 1270 1132 1304 cum
1151 1250 1389 1321 Rapbae'le
1405 1251 1634 1303 Galeotto
1652 1296 1662 1313 ,
1688 1270 1835 1322 quern
1855 1254 2004 1302 Sixtus
2024 1251 2239 1302 Pontifex

718 1333 815 1400 ejus
827 1331 1125 1401 propinquus
1138 1329 1205 1380 illi
1221 1326 1430 1381 Ecclefiae
1448 1327 1638 1380 dederat
1657 1329 1898 1380 Praesulem
1919 1353 1929 1378 z
1960 1327 2240 1401 indignatus

718 1410 852 1460 enim
870 1411 998 1470 Rex,
1026 1409 1076 1459 in
1102 1406 1361 1458 hominem
1390 1423 1668 1458 extraneum
1686 1451 1697 1467 ,
1729 1408 1776 1457 ὃ(
1797 1408 1976 1480 absque
2008 1407 2242 1457 nomina—

719 1488 872 1542 tione,
891 1485 1176 1560 dignitatem
1195 1484 1330 1537 illam
1348 1484 1575 1537 collatam
1593 1528 1604 1547 ,
1631 1485 1874 1557 Hispanos
1887 1503 2064 1536 omnes
2084 1483 2240 1536 Roma

720 1565 838 1636 juffit
855 1563 1034 1637 egredi,
1067 1562 1325 1635 statuitque
1341 1562 1390 1615 ea
1409 1559 1540 1633 super
1556 1582 1600 1614 re
1616 1607 1628 1626 ,
1657 1565 1705 1613 ὃς
1724 1564 1832 1616 alias
1846 1563 1914 1614 ob
1933 1560 2106 1614 caussas
2124 1581 2249 1614 con-

723 1643 888 1695 cilium
907 1659 1089 1715 cogere.
1110 1641 1343 1713 Cumque
1358 1639 1533 1692 deinde
1550 1641 1767 1694 Pontifex
1788 1644 2019 1715 Legatum
2037 1638 2241 1696 misisset,

723 1723 768 1771 ὃ(
789 1719 866 1772 hic
882 1721 932 1771 in
951 1720 1233 1789 Hispaniam
1250 1717 1476 1793 ingressus
1493 1717 1601 1770 elset
1622 1763 1634 1782 ,
1661 1719 1822 1772 reverti
1855 1736 1967 1769 eum
1985 1721 2081 1769 Rex
2095 1716 2214 1786 justit
2232 1759 2246 1780 ,

722 1799 918 1872 graviter
932 1797 1242 1866 conquestus,
1258 1815 1361 1845 non
1379 1799 1559 1846 traetari
1574 1796 1619 1846 se
1637 1794 1662 1848 ὲ
1679 1796 1876 1847 summo
1895 1794 2142 1855 Pontifice‚
2157 1813 2243 1864 pro

724 1895 783 1926 eo
799 1892 853 1924 ac
871 1872 1103 1923 obediens
1130 1870 1342 1922 Ecclesiae
1370 1872 1510 1922 Filius
1527 1888 1775 1923 mereretur
1793 1917 1805 1935 ,
1847 1869 2262 1944 vehementerque

728 1951 922 2003 miratus
942 1992 953 2010 ,
983 1950 1217 2019 Legatum
1248 1948 1503 2019 negotium
1523 1949 1641 1999 istud
1662 1951 1712 1999 in
1738 1949 1783 1999 st:
1802 1947 2056 2018 suscepisse.
2087 1954 2146 1999 At
2171 1949 2250 2001 ille

729 2025 944 2079 modeste
960 2023 1205 2091 respondit
1228 2065 1239 2084 ‚
1254 2025 1525 2074 renuntiare
1541 2024 1586 2074 se
1600 2026 1760 2097 Legati
1777 2024 2022 2098 privilegiis
2041 2061 2056 2081 ‚
2088 2027 2139 2075 &
2158 2028 2252 2076 Re·-

730 2106 800 2178 gis
829 2103 1009 2172 judicio
1039 2099 1332 2172 acquiescere
1363 2127 1376 2164 3
1402 2098 1496 2172 qua
1526 2120 1640 2153 eum
1670 2101 1955 2155 conditione
1981 2137 1997 2157 ‚
2024 2105 2072 2154 ὅ(
2107 2103 2253 2155 bonis

729 2178 997 2233 Cardinalis
1041 2177 1280 2250 Hispaniae
1319 2177 1559 2251 obsequiis
1589 2178 1812 2232 admissus
1849 2179 1966 2244 fuit,
1993 2179 2255 2255 omnisque

731 2255 1050 2313 controversia
1083 2255 1366 2327 composita.
1396 2255 1578 2308 Verum
1608 2260 1758 2331 gravis
1778 2256 1929 2311 caussa
1947 2257 2000 2310 sit
2027 2276 2251 2329 oportet,

732 2353 811 2391 aut
840 2334 1061 2386 naturalis
1079 2331 1320 2391 defensio,
1350 2349 1403 2386 ut
1421 2333 1656 2404 ejusmodi
1674 2338 1956 2406 usurpentur
1973 2335 2154 2400 media;
2183 2337 2259 2388 di-

732 2432 889 2490 gnum
915 2431 1113 2485 quoque
1128 2428 1328 2484 paterno
1345 2411 1637 2465 Pontificum
1657 2432 1820 2466 amore
1834 2457 1847 2476 ,
1877 2412 2083 2467 minime
2100 2415 2153 2466 iis
2165 2434 2255 2467 an-

733 2494 833 2545 sam
859 2491 995 2555 dare,
1025 2490 1104 2542 sed
1138 2490 1421 2564 benignitati
1439 2491 1621 2562 semper
1652 2491 1832 2543 studere
1849 2531 1863 2554 ,
1889 2491 1949 2544 ad
1967 2492 2260 2545 conservan-

736 2570 850 2622 dam
867 2587 1092 2621 mutuam
1111 2588 1225 2620 cum
1242 2567 1536 2639 Principibus
1553 2570 1815 2622 amicitiam
1837 2591 1846 2619 :
1862 2569 1942 2622 etsi
1954 2570 2087 2622 enim
2103 2569 2260 2640 dupli·

738 2668 847 2701 cem
867 2666 1018 2699 manu
1039 2645 1118 2699 suit
1133 2644 1516 2720 portetgladium
1535 2690 1548 2709 ,
1563 2647 1853 2716 spiritualem
1868 2649 2161 2699 nimirum&
2176 2647 2260 2700 sae-

739 2726 949 2778 cularem
968 2769 980 2789 ,
1010 2724 1267 2778 hictamen
1283 2725 1500 2796 peripsos
1526 2728 1832 2795 Imperatores
1862 2727 1912 2775 ὃ(
1943 2729 2121 2799 RegeS,
2148 2742 2261 2779 tan-

741 2822 889 2875 quam
906 2808 1196 2872 protectores
1222 2800 1588 2874 defensoresque
1603 2803 1815 2855 Ecclefiae
1829 2805 2096 2855 executioni
2124 2822 2264 2856 man-

743 2882 839 2932 dari
856 2879 1015 2932 debet.
1042 2878 1178 2930 Onde
1190 2881 1410 2932 conviene
1444 2879 1612 2947 (verba
1629 2882 1738 2932 sunt
1769 2884 1908 2954 Regis
1927 2881 2157 2952 Alpnonfi
2184 2885 2263 2934 Sa·

746 2958 937 3028 pientis)
946 2970 1028 3030 por
1037 2973 1181 3008 maon
1197 2954 1383 3008 derecha
1401 2999 1412 3018 ,
1422 2975 1509 3031 que
1522 2955 1629 3024 estos
1642 2956 1721 3009 dos
1726 2957 1910 3033 poderas
1914 2959 2024 3029 [ban
2028 2958 2263 3035 fiemprQ

748 3033 1007 3088 acordados‚
1022 3031 1085 3103 ast
1096 3051 1182 3105 que
1194 3031 1311 3085 cada
1323 3052 1418 3086 una
1433 3031 1565 3086 dellos
1580 3033 1727 3109 ,vnde
1737 3035 1794 3086 de
1799 3035 1855 3107 fit
1860 3049 1994 3110 parte
2007 3035 2060 3088 al
2067 3050 2158 3087 otro
2176 3057 2192 3085 .·
2209 3055 2263 3086 ca

748 3110 941 3186 elqnese
953 3107 1233 3180 delacordase
1248 3152 1262 3174 ,
1273 3112 1440 3164 vernia
1452 3124 1609 3162 contra
1630 3109 1677 3163 el
1692 3111 2039 3166 mandamiento
2051 3110 2109 3164 cle
2120 3113 2263 3168 Dios,

2088 3206 2269 3244 eavrm
