2394 3768
723 336 800 363 200
1088 313 1401 354 D1DAcr
1463 312 1915 352 SAAVEDRAE

731 404 848 442 voto
863 379 1163 454 transigenda
1183 423 1195 443 ,
1210 379 1261 429 in
1277 379 1331 430 iis
1347 395 1512 430 tamen
1533 396 1624 429 nec
1639 375 1850 429 nimium
1868 378 2108 432 confidere
2124 398 2273 450 opot-

731 481 797 516 tet
825 507 837 526 ‚
871 478 961 512 nec
988 460 1134 510 etiam
1158 456 1395 525 desperare
1415 497 1426 508 .
1464 454 1713 509 Leviffima
1740 456 2039 529 quandoque
2080 457 2272 531 negotia

731 541 935 615 grandes
952 537 1140 606 pariunt
1166 532 1493 589 difficultates,
1521 534 1570 584 ὅ(
1590 532 1756 586 contra
1769 534 2030 608 gravisfima
2045 536 2094 586 in
2114 533 2274 587 caussis

733 614 968 670 levissimis
997 613 1112 684 saepe
1125 611 1209 664 diu
1233 610 1425 665 liaerent.
1461 613 1677 663 Maxima
1704 613 1847 663 etiam
1873 612 2121 682 prudentia
2149 614 2199 664 in
2230 629 2277 662 re

733 690 974 748 clarissima
986 689 1475 753 coecutit‚&luditin
1493 690 1719 741 humanis
1746 691 1951 763 negotiis
1979 689 2278 743 Providentia

729 772 892 827 divina
907 815 919 836 ,
933 790 1039 842 quae
1053 786 1231 820 aeterno
1245 767 1334 820 suo
1347 765 1538 819 decreto
1555 810 1567 831 ‚
1584 766 1700 840 quid
1719 766 1777 819 de
1793 786 1839 819 re
1851 768 2041 840 quaque
2055 769 2274 820 futurum

732 850 802 915 fit,
815 851 915 920 jam
931 847 1041 901 ante
1056 846 1304 915 disposuit.
1684 902 1686 906 v

859 933 911 985 5.
959 930 1114 998 Atque
1134 943 1188 979 ex
1204 922 1610 998 istaingeniorum
1627 925 1674 976 δε
1694 923 2005 997 negotiorum
2022 922 2279 977 diversitate

732 1004 888 1061 videre
907 1004 1449 1074 nunclicet‚quantum
1474 1001 1677 1066 intersit,
1702 1002 1968 1072 Principem
1986 1001 2100 1054 tales
2130 1000 2281 1074 legere

733 1081 999 1138 Ministros,
1017 1082 1099 1154 qui
1120 1078 1180 1132 ad
1197 1098 1249 1132 ea
1262 1078 1510 1132 trac‘tanda
1523 1079 1686 1134 idonei
1705 1079 1811 1132 sint.
1827 1082 2001 1153 Neque
2017 1081 2150 1131 enirn
2167 1097 2278 1130 om·

734 1180 820 1214 nes
835 1159 894 1213 ad
911 1161 1084 1231 quaevis
1099 1159 1296 1231 negotia
1322 1159 1416 1229 apti
1432 1158 1543 1209 sunt
1555 1159 1606 1208 ὃς
1624 1157 1804 1210 habiles
1824 1201 1835 1220 ,
1851 1155 2279 1230 quemadmodum

734 1258 826 1292 nec
841 1241 1014 1291 omnia
1029 1237 1348 1289 instrumenta
1361 1254 1446 1305 pro
1463 1234 1670 1307 qualibet
1684 1254 1730 1286 re
1757 1235 2032 1288 inserviunt.
2078 1235 2277 1308 Ingenia

732 1312 1257 1373 violenta2meticulosa
1270 1314 1321 1364 &
1339 1310 1623 1368 diffidentia,
1638 1312 1752 1364 dura
1769 1314 1818 1363 &
1833 1316 1992 1365 tetrica
2006 1313 2056 1364 in
2074 1329 2275 1363 conver-

731 1395 916 1447 satione
931 1429 947 1450 ,
965 1412 1069 1466 quae
1086 1411 1176 1444 nec
1192 1390 1408 1445 inservire
1425 1389 1607 1442 norunt
1633 1392 1839 1461 tempori
1861 1436 1873 1455 ‚
1888 1409 1978 1443 nec
2006 1390 2100 1450 sese
2115 1388 2172 1440 ad
2189 1407 2277 1440 na-

733 1488 856 1524 turas
872 1470 1078 1523 aliorum
1110 1467 1487 1523 accommodare
1515 1469 1562 1517 &
1579 1487 1738 1521 mores
1754 1512 1765 1532 ‚
1782 1467 1918 1521 citius
1935 1468 2131 1542 negotia
2160 1465 2283 1517 diffi-

732 1566 849 1622 pant
868 1594 880 1614 ‚
896 1548 1046 1622 quam
1063 1562 1370 1619 componant
1388 1575 1402 1611 5
1420 1544 1603 1599 facilius
1616 1545 1772 1598 hostes
1790 1547 1979 1616 pariunt
1993 1591 2004 1610 ,
2017 1544 2166 1618 quam
2194 1562 2278 1614 pa-

735 1646 844 1681 cem
861 1626 1157 1689 concilient3
1189 1623 1362 1677 melius
1391 1624 1725 1677 accusatorum
1768 1624 2041 1697 funguntur
2066 1639 2284 1685 munere,

735 1704 887 1777 quam
906 1705 1220 1778 negotiorum
1237 1700 1410 1771 poffint
1422 1699 1511 1752 effe
1528 1716 1775 1753 curatores,
1814 1702 1967 1752 Variis
2000 1716 2175 1752 naturae
2191 1698 2282 1750 do-

736 1782 865 1834 tibus
879 1800 964 1851 pro
975 1780 1180 1853 negotiis
1192 1797 1315 1848 opus
1329 1777 1411 1830 est.
1451 1776 1536 1829 Ille
1552 1777 1768 1829 Minister
1782 1796 1868 1849 pro
1881 1778 1935 1830 iis
1951 1778 2206 1848 aptiffimus
2237 1795 2287 1828 e-

736 1860 823 1914 tit,
843 1858 988 1930 quiin
1006 1856 1141 1910 vultu
1165 1857 1216 1904 ὃς
1241 1853 1390 1907 verbis
1425 1855 1648 1906 animum
1676 1874 1890 1908 veracem
1931 1857 1980 1906 &
2015 1853 2282 1907 candidum

738 1955 828 2007 prae
845 1936 891 1987 se
908 1934 1064 1986 tulerit
1083 1955 1093 1984 :
1110 1934 1192 2006 qui
1208 1932 1252 1984 se
1266 1932 1370 2003 ipso
1385 1931 1442 1984 ad
1457 1932 1525 1983 sui
1543 1951 1762 1984 amorem
1790 1932 1963 1984 alliciat
1980 1933 2056 1984 :in
2073 1951 2175 2004 quo
2187 1931 2283 1982 sus-

737 2014 924 2084 picio&
948 2011 1112 2063 astutia
1130 2011 1189 2062 ab
1204 2025 1296 2061 arte
1311 2008 1402 2060 fint
1419 2054 1430 2073 ‚
1451 2028 1556 2060 non
1574 2008 1598 2060 a
1615 2008 1779 2061 natura
1797 2030 1808 2057 ι
1823 2011 1905 2081 qui
1919 2010 2058 2061 tacita
2071 2029 2123 2061 ea
2138 2009 2283 2061 servet

734 2092 904 2142 inimo
927 2092 1148 2158 pectore,
1175 2085 1409 2158 quamdiu
1443 2085 1683 2156 publicare
1713 2106 1819 2137 non
1832 2086 2139 2160 expedit:qui
2167 2105 2282 2138 cum

733 2167 956 2220 suavitate
971 2181 1211 2236 proponat
1223 2198 1240 2219 ,
1254 2182 1370 2215 cum
1385 2161 1634 2215 tolerantia
1647 2164 1804 2216 audiat
1819 2208 1831 2227 ,
1846 2184 1961 2216 cum
1988 2162 2172 2240 energia
2188 2164 2282 2218 ob-

732 2243 854 2296 sistat
870 2290 882 2308 ‚
899 2261 1013 2294 cum
1044 2240 1229 2294 solertia
1251 2240 1507 2293 diffimulet
1523 2286 1535 2306 ,
1568 2261 1682 2294 cum
1710 2244 1978 2294 attentione
2001 2260 2187 2316 urgeat5
2204 2244 2287 2316 qui

734 2321 1009 2376 liberalitate
1022 2318 1221 2393 obliget,
1238 2320 1531 2393 argumentis
1545 2319 1832 2390 persuadeat,
1854 2321 2144 2391 experientiis
2161 2340 2280 2373 con-

735 2400 895 2453 vincat
909 2425 922 2462 5
938 2398 1021 2470 qui
1038 2396 1248 2469 denique
1263 2415 1378 2449 cum
1391 2395 1638 2467 prudentia
1652 2396 1873 2450 decernat
1888 2443 1900 2463 ‚
1927 2399 1976 2449 ὅ(
1995 2418 2110 2451 cum
2124 2396 2282 2452 effica-

736 2476 806 2530 cia
820 2492 1090 2549 exequatur.
1124 2474 1540 2527 Cumistiusmodi
1560 2475 1786 2527 Ministris
1815 2477 1970 2547 potuit
1997 2479 2095 2528 Rex
2125 2476 2280 2529 Perdi-

736 2555 932 2607 nandus
944 2552 1227 2607 Catholicus
1240 2551 1434 2605 feliciter
1462 2551 1700 2606 conficere
1714 2555 1934 2627 negotia,
1957 2573 2061 2627 quae
2091 2555 2143 2607 in
2161 2556 2284 2608 votis

736 2631 904 2685 habuit
922 2672 933 2683 .
973 2634 1095 2684 Non
1112 2630 1328 2683 “minoris
1357 2632 1603 2683 momenti
1630 2630 1696 2683 est
1725 2630 1857 2683 bona
1886 2631 2063 2684 horum
2094 2630 2281 2695 electiO,

735 2708 886 2783 quam
904 2709 1202 2764 conservatio
1218 2704 1645 2761 &incrementum
1661 2710 1809 2761 totius
1838 2709 2031 2782 alicujus
2043 2708 2184 2762 status
2199 2734 2208 2764 ς
2224 2728 2279 2762 ex

741 2805 802 2839 eo
816 2788 948 2838 enim
965 2833 978 2852 ,
992 2786 1128 2859 quod
1143 2785 1318 2861 finguli
1344 2785 1432 2837 suo
1460 2784 1609 2856 probe
1634 2786 1896 2860 fungantur
1927 2806 2125 2840 munere
2143 2830 2155 2850 ,
2171 2806 2278 2838 om-

747 2864 826 2916 nia
838 2862 1129 2934 dependent.
1167 2864 1299 2917 Plura
1325 2881 1470 2937 regna
1494 2881 1573 2933 pet
1599 2863 1934 2917 Ministrorum
1957 2866 2281 2939 ignorantiam

751 2941 934 3013 peffum
959 2941 1075 3006 iere,
1103 2941 1252 3014 quam
1277 2941 1568 3010 Principum.
1604 2943 1661 2992 In
1678 2943 1804 2994 hanc
1829 2943 1988 3014 itaque
2015 2960 2176 2994 curam
2207 2950 2284 2993 in-

754 3018 956 3072 cumbat
969 3017 1136 3071 sedulo
1149 3023 1308 3073 Seren.
1335 3017 1499 3070 Vestra
1514 3052 1530 3074 ‚
1546 3021 1786 3093 examinet
1801 3018 2053 3093 diligenter
2066 3057 2081 3082 ³
2106 3019 2282 3091 quibus

750 3113 928 3150 naturae
941 3097 1083 3150 bonis
1097 3093 1415 3150 instructifint
1431 3095 1633 3161 subditi,
1653 3098 1702 3149 δε
1720 3097 1976 3168 postquam
2001 3097 2055 3148 iis
2078 3116 2282 3150 munera

2064 3176 2287 3247 quaedam
