2394 3768
725 333 801 372 ,90
1083 315 1391 356 DIDACI
1473 316 1920 355 SAAVEDRAE

722 385 959 462 Equidem
979 402 1082 436 non
1104 384 1269 435 minus
1288 381 1580 454 Principibus
1593 383 1746 436 fraudi
1760 380 1892 435 fuiffe
1906 382 2141 447 existim0‚
2159 382 2277 435 alio-

721 486 830 519 rum
847 467 974 534 sequi
990 459 1207 533 exempla
1222 490 1241 515 2
1270 460 1421 534 quarn
1439 460 1580 532 plane
1599 459 1745 514 nulla.
1785 459 1951 526 Qare
1969 460 2280 514 confideran-

719 544 842 595 dum
856 542 1109 615 diligenter
1126 583 1139 604 ,
1174 540 1292 611 quid
1305 542 1509 593 evenerit
1527 539 1627 592 aliis
1641 584 1654 604 ,
1676 555 1730 590 ut
1748 540 1939 592 Politica
1957 538 2163 610 prudens
2175 557 2284 593 eva·

719 620 799 672 dat
819 637 952 683 3non
980 618 1128 671 utsua
1153 621 1326 671 omnia
1342 617 1401 670 ad
1419 618 1626 670 aliorum
1659 636 1890 669 normam
1915 616 2113 691 dirigat,
2134 635 2282 688 expo-

721 696 894 750 nendo
920 697 967 750 se
993 695 1218 750 dubiis&
1246 696 1436 748 incertis
1465 694 1663 751 casibus,
1700 695 1920 749 Aliorum
1934 710 2103 747 eventa
2129 694 2284 747 docu-

466 796 478 811 ²
498 787 596 819 Plures
616 786 690 838 411'0-
722 791 894 828 mento
909 786 928 808 ⁴
943 774 1060 841 sint,
1090 793 1197 826 non
1216 792 1450 845 praecepto
1467 792 1546 826 aut
1568 774 1675 849 legi.
1697 777 1758 826 Ea
1775 774 1876 825 sola
1893 771 2109 844 exempla
2123 769 2284 825 secure

465 843 656 919 {12'2212'1‘7'fm
720 854 894 907 imitari
907 856 1013 927 quis
1027 852 1178 925 potest
1197 896 1210 915 ,
1224 870 1330 924 quae
1347 853 1374 905 a
1391 851 1551 905 causlis
1574 853 1621 903 ὅ(
1640 851 1907 905 rationibus
1921 849 2171 903 intrinsece
2191 850 2286 904 bo-

467 930 687 1016 }ffiigilib14·
722 932 796 984 nis
815 933 887 997 ,δὲ
903 933 989 1002 juri
1007 930 1208 984 naturali
1238 949 1293 982 ac
1317 930 1540 1005 gentium
1569 928 1921 984 communibus
1944 928 2156 999 profecta
2186 929 2288 981 fue-

722 1026 850 1063 runt.
867 1009 960 1062 111ae
977 1010 1111 1062 enim
1126 1008 1361 1061 omnibus
1375 1008 1672 1079 temporibus
1690 1007 1870 1059 eae-lem
1888 1007 2017 1060 sunt.
2052 1009 2132 1060 Vti
2146 1008 2193 1058 i&
2212 1007 2289 1058 se-

722 1089 806 1160 qui
825 1088 1040 1159 exempla
1054 1105 1224 1140 eorum
1250 1087 1553 1155 Principum,
1583 1088 1798 1159 quicum
1819 1081 2289 1155 Religione,1ustitia

721 1167 772 1218 &
791 1166 1095 1229 Clementia,
1125 1163 1318 1238 aliisque
1331 1164 1581 1218 virtutibus
1596 1167 1644 1215 ὃς
1665 1163 1939 1217 affionibus
1959 1162 2225 1216 moralibus
2239 1162 2286 1214 se

719 1239 900 1317 suaque
924 1242 1282 1296 conservarunt.
1327 1244 1509 1294 Verum
1527 1244 1735 1294 etiamin
1755 1243 1825 1294 his
1854 1239 2035 1294 casibus
2060 1241 2290 1293 attentio-

719 1341 784 1375 ne
804 1340 926 1392 opus
943 1321 1008 1374 est
1027 1324 1224 1374 :mutari
1242 1321 1376 1373 enim
1405 1319 1566 1371 solent
1582 1338 1739 1371 mores
1757 1364 1770 1383 ,
1797 1320 1847 1370 &
1863 1318 2113 1370 aestimatio
2143 1319 2285 1370 virtu-

720 1414 830 1453 tum
849 1444 861 1463 ,
879 1418 971 1452 nec
987 1418 1179 1455 novum
1193 1417 1273 1451 aut
1291 1397 1537 1454 insolens,
1569 1399 1835 1469 Principem
1859 1396 2070 1468 aliquem
2097 1414 2174 1468 per
2188 1394 2290 1447 eas-

720 1476 838 1530 dem
858 1521 870 1540 ,
899 1496 1108 1550 quarum
1132 1475 1375 1530 beneficio
1390 1496 1496 1528 uno
1520 1494 1734 1548 tempore
1766 1476 1959 1529 feliciter
1983 1472 2143 1526 floruit
2163 1518 2176 1539 ,
2191 1473 2290 1526 alio

720 1553 912 1627 periisse.
949 1557 1157 1626 Oportet
1174 1556 1340 1630 igitur,
1371 1572 1423 1606 ut
1440 1554 1537 1608 haec
1551 1556 1723 1606 omnia
1741 1552 1978 1624 expendat
2014 1551 2284 1608 Prudentia,

722 1652 883 1706 neque
897 1633 993 1706 ipsa
1008 1633 1092 1686 fibi
1114 1635 1326 1686 nimium
1344 1631 1458 1684 fidat
1474 1660 1488 1694 3
1517 1630 1597 1684 sed
1624 1632 1775 1684 varios
1790 1629 2012 1683 consulat
2027 1631 2159 1684 casus
2180 1676 2192 1697 ‚
2205 1630 2290 1703 qui

724 1710 946 1785 quotidie
965 1711 1210 1765 incidunt,
1219 1728 1374 1781 neque
1388 1709 1542 1760 futura
1561 1728 1646 1779 pro
1662 1710 1796 1761 certis
1813 1706 2001 1764 habeat,
2016 1725 2201 1782 quantu
2210 1728 2290 1762 m-

728 1791 796 1843 vis
812 1787 1021 1858 prudens
1034 1788 1270 1857 judicium
1294 1790 1339 1837 ὕ(
1360 1786 1609 1859 diligentia
1639 1784 1814 1838 iissatis
1829 1784 1993 1838 cavisse
2023 1785 2291 1841 videantur:

730 1883 839 1918 non
854 1865 1034 1935 semper
1049 1865 1184 1917 enim
1199 1880 1365 1916 eventa
1388 1864 1680 1935 respondent
1698 1864 1874 1916 meritis
1889 1909 1900 1927 ‚
1918 1882 2078 1936 neque
2105 1863 2288 1935 depen-

730 1941 852 1994 dent
881 1942 941 1994 ab
966 1941 1200 1994 ordinaria
1218 1940 1478 1994 caussarum
1505 1944 1840 2004 connexione,
1873 1942 1923 1992 in
1952 1942 2047 2012 qua
2077 1940 2290 1995 consiliis

726 2018 955 2072 humanis
970 2019 1137 2092 aliquis
1163 2019 1285 2071 solet
1297 2019 1384 2070 effe
1401 2019 1562 2083 locus5
1580 2019 1607 2070 s
1601 2019 1658 2071 ed
1672 2019 1733 2071 ab
1751 2017 1834 2070 alia
1849 2017 2008 2071 caussa
2035 2020 2287 2091 superiore,

725 2115 832 2169 quae
847 2113 1028 2149 caeteras
1058 2097 1237 2171 dirigit3
1262 2115 1315 2148 ex
1331 2115 1432 2167 quo
1448 2096 1502 2149 fit
1520 2141 1532 2161 ,
1563 2114 1614 2148 ut
1631 2097 1819 2149 incertae
1843 2094 1934 2147 fint
1967 2100 2290 2173 cogitationes

725 2173 922 2238 nostrae,
942 2175 992 2225 ὃ(
1006 2175 1106 2245 spes
1121 2176 1171 2226 in
1186 2174 1277 2227 illis
1304 2174 1508 2227 fundata
1526 2174 1661 2228 facile
1675 2174 1820 2227 fallat,
1860 2176 2028 2226 Nemo
2047 2177 2286 2247 opinione

725 2253 959 2304 omnium
978 2251 1172 2327 longius
1188 2252 1250 2305 ab
1264 2255 1470 2323 lmperio
1486 2252 1658 2315 aberat,
1672 2250 1822 2325 quam
1839 2250 2074 2306 Claudius
2089 2298 2102 2317 ,
2131 2255 2181 2305 ὅ(
2197 2272 2285 2306 cae·

474 2340 490 2363 ¹>
509 2340 619 2397 Qippe
641 2339 693 2387 fa-
727 2328 943 2400 lumjam
960 2330 1098 2382 illum
1117 2328 1393 2394 destinarat,
1423 2332 1542 2382 utin
1568 2329 1953 2383 Tibernlocurnb
1980 2328 2284 2385 sufficeretur.

471 2391 696 2481 ’γ’ἶιῗῖζξιῗρῖῗζξ]
727 2410 1040 2479 Frequentius
1054 2407 1176 2460 istud
1192 2409 1317 2460 estin
1336 2409 1578 2462 electione
1600 2407 1892 2461 Pontificum
1910 2452 1922 2472 ‚
1937 2408 1988 2460 in
2004 2408 2095 2482 qua
2111 2408 2285 2462 huma-

473 2485 692 2570 ζζΐῑνζΐῇζίῑιζμ
733 2505 796 2538 na
822 2484 1050 2540 industria
1078 2489 1128 2539 in
1152 2487 1243 2538 suis
1273 2485 1479 2538 confiliis
1507 2486 1623 2558 saepe
1652 2488 1908 2539 deluditur.v
1951 2489 2074 2540 Non
2102 2487 2288 2559 semper

470 2587 575 2640 pajo,
610 2582 699 2630 quam
732 2563 1035 2616 Providentia
1048 2563 1211 2619 divina
1244 2565 1539 2617 naturalibus
1564 2563 1734 2617 mediis
1763 2566 1932 2628 utitur,
1952 2564 2078 2618 autfi
2112 2581 2287 2629 utatur,r

475 2644 530 2676 ΨΜ
561 2633 700 2679 f¹‘²'¹''⁴'’²
733 2641 939 2697 diversos
957 2661 1071 2695 cum
1088 2641 1258 2695 iisdem
1278 2659 1496 2713 operatur
1511 2641 1710 2695 effeetus
1727 2686 1739 2705 ‚
1757 2644 1805 2692 ὅ(
1826 2642 1973 2695 lineas
1989 2647 2136 2696 restas
2151 2642 2286 2695 ducit

473 2684 544 2715 Prin
565 2685 568 2688 ’
688 2702 702 2707 -

477 2682 702 2765 τνυιααῗηεΐιζῖιγῑ-
736 2718 793 2772 ad
812 2719 1068 2792 obliquam
1100 2720 1316 2794 tegulam
1336 2764 1348 2782 ‚
1367 2721 1481 2773 curn
1511 2740 1618 2772 non
1645 2719 1747 2772 raro
1769 2721 1958 2773 damno
1986 2720 2038 2773 fit
2067 2720 2285 2790 Principi,

477 2778 701 2873 {iissiibiim
736 2795 872 2868 quod
893 2798 1170 2851 commodo
1185 2798 1255 2850 illi
1286 2795 1374 2855 effe
1399 2798 1640 2851 debuerat.
1683 2801 1862 2850 Eadem
1889 2799 2124 2851 columna
2145 2799 2286 2871 ignea

484 2875 600 2910 Amal·
734 2875 786 2925 in
805 2872 987 2926 deserto
1015 2876 1177 2928 lucem
1209 2875 1444 2948 praebebat
1470 2876 1661 2946 ¹Populo
1689 2878 1804 2940 Dei,
1837 2878 1887 2926 &
1916 2877 2127 2928 hostium
2142 2874 2284 2926 castra

737 2950 968 3021 opplebat
985 2952 1203 3027 caligine.
1251 2955 1464 3006 Maxima
1477 2955 1621 3005 etiam
1638 2954 1888 3025 prudentia
1902 2953 2115 3005 humana
2129 2970 2286 3025 quan-

738 3026 903 3099 doque
919 3028 1077 3099 palpat
1109 3033 1158 3082 in
1188 3031 1407 3084 tenebris.
1450 3031 1598 3084 Vnde
1617 3032 1820 3083 [alutem
1838 3033 1943 3102 quis
1969 3030 2147 3101 sperat,
2168 3029 2285 3082 inde

738 3106 936 3159 exitium
950 3106 1034 3160 sibi
1049 3108 1237 3163 accersit
1252 3107 1587 3174 interdum,uti
1599 3111 1781 3163 Viriato
1800 3108 1990 3164 accidit,
2008 3126 2155 3180 quem
2171 3126 2286 3179 pro-

2128 3184 2288 3239 ditum
