2394 3768
482 1575 619 1612 Cicero.

731 312 810 352 414
1079 294 1393 333 D1DAcl
1455 290 1916 332 SAAVEDRAE

735 389 819 422 nes
836 368 1117 438 plerumque
1138 363 1264 415 bene
1281 363 1520 424 eveniant,
1537 362 1845 433 personarum
1864 363 2169 433 capacitatem
2187 359 2266 411 of*

737 447 857 497 ficiis
872 443 1109 511 optando,
1122 459 1228 491 non
1248 439 1431 494 contra.
1447 439 1606 505 Qod
1625 437 1656 489 si
1676 441 1907 508 Principes
1924 439 2157 509 ejusmodi
2175 433 2274 490 ηοξ

737 540 808 573 tas
828 538 982 571 rerum
1001 517 1410 589 personarumque
1428 518 1657 569 haberent
1679 561 1689 581 ,
1706 536 1809 568 non
1831 515 2101 570 fallerentur
2128 516 2268 569 toties

737 601 787 651 in
809 596 1145 659 relationibus,
1162 594 1722 667 consultationibusque:
1755 593 1923 647 melius
1949 593 2177 668 regnandi
2201 612 2270 645 ar·

737 694 836 727 tem
852 674 1185 730 condiscerent
1201 717 1212 736 ,
1235 691 1295 724 ne
1310 672 1360 723 in
1377 673 1612 724 omnibus
1628 673 1653 724 a
1671 672 1900 724 Ministris
1915 671 2178 742 dependere
2195 672 2274 723 fo-

739 771 806 806 ret
821 772 943 823 opus
960 775 968 800 ι
986 752 1153 821 majori
1171 749 1279 802 cura
1296 769 1349 801 ac
1382 749 1701 802 sollicitudine
1727 748 1776 801 lu·
1799 750 2019 803 servirent
2044 749 2269 819 Principis

740 833 915 903 quippe
935 830 1017 902 qui
1035 830 1205 882 scirent
1226 872 1236 891 ‚
1251 834 1422 879 omnia
1439 827 1496 879 ad
1523 828 1648 881 illius
1682 828 1919 898 pervenire
1951 827 2177 879 notitiam
2198 873 2209 891 ‚
2224 827 2272 876 ὃ(

743 910 804 961 ab
821 928 881 960 eo
913 907 1162 969 adnotari3
1187 905 1405 977 adeoque
1432 923 1694 978 nunquam
1720 905 2139 957 committerentur
2171 921 2274 956 tam

740 1004 899 1061 graves
914 986 1128 1037 defeetus
1145 1029 1156 1047 ‚
1171 1001 1223 1034 ut
1241 1002 1376 1036 nunc
1390 982 1486 1035 fieri
1513 984 1732 1037 videmus
1748 1028 1760 1048 ,
1783 982 1902 1034 dum
1929 981 2136 1053 tempori
2167 1001 2273 1035 non

744 1080 982 1125 curantur,
996 1080 1100 1132 quae
1112 1060 1170 1113 ad
1189 1061 1378 1114 bellum
1391 1099 1404 1123 ,
1417 1078 1497 1112 aut
1512 1080 1679 1131 pacem
1706 1061 1818 1113 sunt
1834 1059 2091 1113 neceffaria:
2113 1061 2276 1113 Virtus

743 1140 954 1212 denique
973 1156 1105 1190 metu
1121 1138 1359 1208 ejusmodi
1379 1139 1712 1213 catalogorum
1745 1139 2105 1190 incrementum
2134 1157 2275 1209 cape-a

738 1233 805 1270 ret
821 1264 832 1282 ‚
851 1219 899 1269 ἃ
923 1218 1032 1269 vitia
1048 1215 1384 1269 decrescerent.
1421 1217 1531 1269 Nec
1564 1217 1715 1267 ullam
1736 1215 2078 1269 confusionem
2097 1217 2276 1287 parient

735 1297 1003 1348 summariae
1018 1293 1105 1346 illae
1123 1295 1644 1364 relationes,praesertim
1662 1293 1691 1345 (i
1710 1293 1804 1345 aliae
1821 1292 1939 1346 fiant
1952 1312 2101 1346 manu
2117 1292 2277 1364 ipsius·

734 1391 834 1425 met
855 1374 1076 1443 Principis
1096 1415 1109 1437 ,
1139 1373 1234 1424 aliae
1252 1391 1328 1443 per
1366 1371 1609 1424 Ministros
1628 1415 1640 1436 ,
1670 1372 1752 1445 qui
1786 1372 2058 1442 principalia
2086 1371 2276 1425 obeunt

735 1468 936 1504 munera
955 1496 966 1514 ,
981 1468 1061 1502 aut
1079 1451 1220 1503 Viros
1234 1450 1352 1502 alios
1369 1448 1710 1523 intelligentes,
1733 1450 1907 1522 quibus
1922 1450 2028 1502 tuto
2042 1449 2167 1502 credi
2183 1470 2274 1521 po·-

737 1529 844 1586 test,
860 1527 995 1601 quod
1014 1527 1251 1582 sincere&
1270 1527 1597 1580 accurateillas
1616 1528 1780 1581 faeturi
1799 1527 1902 1578 sint.
1944 1527 2110 1593 Qare
2136 1525 2165 1578 fi
2185 1572 2196 1590 ,
2220 1543 2274 1579 ut

736 1608 910 1659 Cicero
928 1606 1044 1658 dixit
1075 1648 1086 1667 ‚
1117 1608 1155 1656 S
1157 1607 1338 1659 enmori
1366 1602 1651 1675 neceffarium
1678 1606 1740 1677 est
1766 1600 1878 1675 no'ffi’
1909 1601 2275 1681 Rempnblicam,

738 1684 853 1760 quid
864 1681 1040 1736 habeast
1053 1681 1258 1737 militum
1275 1728 1286 1747 ,
1303 1682 1419 1757 quid
1431 1681 1605 1735 valeaft
1625 1685 1765 1735 aerario
1783 1725 1794 1745 ‚
1806 1701 1918 1757 quos
1934 1684 2070 1754 fhcios
2096 1680 2174 1735 illa
2192 1680 2254 1733 ha
2267 1714 2277 1724 ·

738 1762 868 1817 bem,
891 1780 1001 1834 quos
1016 1763 1199 1823 amicos,
1217 1758 1661 1834 quosstipendiarios,
1673 1756 1768 1834 qud
1782 1759 1968 1835 quisque
1969 1759 2035 1832 fit
2043 1758 2151 1833 lege,
2170 1780 2278 1812 con-

739 1838 925 1900 ditione,
936 1836 1121 1909 saedere,
1139 1843 1205 1895 Εἴ
1210 1856 1248 1888 c.
1272 1839 1484 1886 Senatori
1498 1871 1513 1891 ‚
1539 1837 1741 1909 inquam
1761 1881 1773 1901 ,
1787 1841 1990 1909 quinon
2010 1838 2093 1890 nili
2111 1839 2278 1912 exigua

742 1914 1107 1989 gubernationis
1136 1933 1235 1983 pars
1266 1913 1353 1967 est,
1373 1913 1560 1985 quanto
1577 1913 1724 1988 magis
1752 1914 1834 1966 ista
1863 1914 2111 1968 necessaria
2137 1932 2278 1978 erunt

745 1992 966 2061 Principi,
983 1993 1114 2060 cujus
1130 1991 1193 2042 est
1212 1991 1268 2042 ad
1286 1991 1542 2044 universale
1559 1991 1751 2044 bonum
1768 1992 2027 2045 attendere?
2048 1995 2095 2043 ὃ(
2115 1992 2147 2045 fi
2170 1994 2278 2046 Phi-

746 2069 900 2140 lippus
917 2068 1221 2121 Macedoniae
1239 2070 1336 2118 Rex
1357 2067 1428 2120 bis
1443 2068 1661 2140 quotidie
1678 2068 1863 2143 praelegi
1888 2068 1970 2122 fibi
1999 2069 2150 2130 voluit
2162 2071 2278 2124 arti-

748 2145 883 2198 culos
896 2144 1083 2199 foederis
1097 2164 1211 2197 cum
1230 2147 1468 2197 Romanis
1483 2146 1602 2209 initi,
1617 2164 1697 2198 cur
1715 2146 2047 2221 dedignabitur
2061 2149 2279 2220 Princeps

744 2224 796 2275 in
812 2240 918 2275 uno
936 2221 1100 2295 aliquo
1114 2223 1239 2276 libro
1254 2221 1479 2293 inspicere
1492 2238 1655 2276 toturn
1673 2225 1859 2295 Imperii
1872 2225 1901 2276 s
1896 2225 1939 2276 ui
1958 2243 2127 2296 corpus
2143 2226 2279 2279 reda·

747 2304 888 2352 etum
913 2301 964 2352 in
990 2299 1342 2371 compendium
1364 2344 1378 2364 ,
1409 2301 1795 2373 contemplando
1822 2303 2054 2355 nimirum
2080 2304 2133 2356 in
2161 2304 2279 2361 illo,

745 2378 873 2433 velut
902 2379 954 2431 in
986 2377 1148 2432 tabula
1178 2376 1388 2451 quddam
1416 2379 1759 2454 geographica,
1789 2399 1965 2435 omnes
1996 2401 2050 2436 ac
2077 2373 2281 2460 lingulas

747 2472 917 2528 parteS,
943 2456 1121 2532 quibus
1136 2456 1255 2512 illud
1270 2476 1368 2511 con
1376 2456 1476 2510 stat?

2114 3152 2294 3208 SYM-
