2394 3768
692 306 774 349 608
1058 293 1371 338 DIDACI
1428 290 1874 331 SAAVEDRAE

695 375 745 424 ὅ(
763 365 1123 424 conservatione
1142 383 1263 433 opus
1287 360 1481 415 liabent.
1515 358 1699 411 Verum
1722 358 1791 411 isti
1821 376 1924 410 non
1955 358 2058 410 satis
2089 359 2223 410 suam

694 447 1019 517 expenderunt
1051 438 1387 493 excellentiam
1409 482 1422 500 ‚
1448 436 1691 489 arbitrium
1720 436 1860 488 suuni
1876 437 1921 486 ὅ(
1943 435 2224 487 dominium

694 526 745 576 in
764 542 830 574 res
847 522 950 572 alias
965 520 1206 570 inferiores
1222 558 1234 580 ,
1263 515 1495 587 siquidem
1516 515 1677 588 largita
1697 513 1760 564 est
1776 513 1867 564 illis
1886 515 2064 563 Natura
2079 511 2224 564 intel-

694 600 947 673 ligentiam
965 597 1216 668 quandam
1235 595 1474 655 velocem,
1489 612 1593 664 qua:
1610 607 1872 643 momento
1889 591 2039 640 unico
2054 607 2222 641 terram

692 677 857 748 pariter
874 676 920 723 ὃ(
940 675 1080 726 caelos
1097 688 1330 744 penetrat:
1348 670 1634 721 memoriam
1652 715 1661 731 ,
1681 669 1729 719 in
1748 666 1841 740 qua
1855 666 2032 738 absque
2048 667 2225 718 confu-

689 754 825 805 fione
838 752 997 815 omni,
1012 769 1090 803 aut
1106 749 1474 821 perturbatione,
1492 765 1646 799 rerum
1666 762 1765 798 tarn
1785 746 2012 798 variatum
2031 743 2224 796 conser-

693 847 867 887 vantur
898 831 1159 903 imagines:
1186 828 1422 878 rationem
1442 869 1453 889 ,
1484 844 1588 897 quae
1602 824 1824 876 discernit
1844 866 1856 885 ,
1882 840 2037 873 unum
2057 841 2110 873 ex
2129 821 2224 873 alio

692 908 896 983 colligit,
918 910 963 957 ὃ(
985 905 1262 958 concludit:
1279 903 1536 974 judicium,
1555 901 1689 973 quod
1708 900 1951 973 intelligit,
1972 899 2222 970 ponderat,

690 988 741 1038 δέ
771 985 957 1039 definit.
992 987 1177 1054 Propter
1194 983 1318 1034 lianc
1335 981 1585 1033 donorum
1614 978 1927 1048 praestantiam
1946 977 2103 1028 bomo
2128 978 2225 1028 im-

689 1067 875 1136 perium
893 1078 1022 1115 tenet
1038 1063 1087 1113 in
1107 1079 1282 1112 omnes
1296 1078 1363 1110 res
1382 1059 1628 1120 creatas,&
1647 1056 1858 1126 disponit
1877 1054 1934 1107 de
1950 1054 2117 1128 iisdem
2135 1073 2220 1125 pro

692 1142 832 1194 libitu
850 1185 862 1205 ‚
892 1157 1031 1193 utens
1050 1139 1387 1190 manibustam
1413 1133 1888 1206 sapientiefformatis
1909 1127 2137 1197 artificio,
2169 1147 2221 1182 ut

690 1219 1010 1271 instrumenta
1026 1216 1117 1268 sint
1134 1216 1193 1267 ad
1209 1233 1384 1267 omnes
1403 1229 1518 1264 artes
1542 1208 1739 1275 idonea‘3
1769 1213 1818 1262 ὅ(
1848 1204 2029 1264 tametsi
2060 1211 2222 1265 nudus

690 1298 926 1361 omnino,
941 1297 992 1346 ὃ(
1009 1294 1185 1367 absque
1200 1293 1339 1345 armis
1356 1298 1405 1343 in
1424 1291 1549 1344 hanc
1566 1290 1723 1342 lucem
1738 1289 1889 1342 editus
1903 1289 1973 1346 sit,
1989 1309 2038 1342 ea
2056 1306 2219 1342 tamen

692 1395 780 1446 pro
798 1375 886 1426 suo
903 1374 1154 1427 fabricatur
1167 1371 1361 1426 arbitrio
1380 1415 1391 1434 ‚
1422 1385 1473 1420 ut
1491 1386 1569 1420 aut
1585 1369 1733 1420 semet
1752 1385 1933 1421 tueatur
1952 1413 1964 1432 ‚
1982 1371 2223 1420 autetiam

692 1458 893 1526 impetat
923 1451 1056 1504 alios·
1081 1449 1242 1503 Tellus
1270 1448 1451 1501 eumin
1469 1445 1620 1498 finem
1637 1446 1811 1499 fetrum
1831 1448 1872 1498 ἃ
1905 1446 2162 1518 chalybem
2181 1444 2224 1495 ei

691 1530 960 1602 suppeditat
974 1552 985 1581 ι
1001 1547 1124 1600 aqua
1141 1525 1425 1601 (quomodo
1439 1525 1491 1576 in
1509 1524 1753 1596 Symbolo
1767 1526 1977 1595 praesenti
1997 1526 2150 1580 videre
2167 1524 2225 1576 li-

695 1613 790 1677 cet)
808 1628 859 1661 ea
877 1607 1010 1660 cudit
1038 1628 1048 1657 :
1079 1609 1150 1658 ae'r
1168 1608 1339 1659 focum
1355 1602 1574 1656 incendit
1591 1647 1601 1665 ,
1618 1605 1738 1676 ignis
1752 1604 1960 1676 denique
1977 1624 2028 1657 ea
2044 1621 2226 1675 tempe-

696 1704 761 1738 rat
778 1730 790 1751 ,
819 1689 880 1740 ita
906 1686 1139 1738 nimirum
1165 1683 1403 1736 elementa
1428 1681 1599 1733 omnia
1632 1682 1727 1749 ejus
1756 1681 1947 1733 arbitrio
1971 1681 2225 1735 obediunt.

695 1764 859 1838 fragili
876 1763 1038 1835 aliquo
1052 1762 1220 1814 lembo
1234 1761 1373 1812 maris
1391 1759 1561 1810 domat
1575 1751 1859 1829 superbiam,
1874 1759 2095 1811 &linteo
2112 1778 2228 1811 ven-

695 1858 772 1892 tos
788 1840 989 1912 colligit,
1008 1856 1059 1889 ut
1077 1856 1161 1907 pro
1179 1837 1358 1888 alarum
1376 1836 1580 1907 remigio
1595 1837 1634 1886 ei
1650 1835 1926 1900 deserviant,
1945 1836 2119 1908 quibus
2135 1836 2230 1888 sese

697 1917 757 1970 ab
789 1936 894 1969 uno
921 1918 1036 1967 loco
1063 1920 1115 1965 in
1146 1914 1294 1965 alium
1326 1913 1587 1964 transferat.
1616 1914 1743 1963 Intra
1768 1911 1944 1966 fistulas
1971 1933 2105 1966 aereas
2132 1915 2231 1967 vim

700 1996 824 2068 ignis
842 1997 1045 2046 coercet,
1062 1991 1192 2042 unde
1209 2009 1314 2041 non
1335 1989 1495 2040 minus
1513 1988 1747 2039 horrenda
1761 1990 1990 2057 jaculatur
2009 1992 2235 2054 fulmina,

457 2079 581 2116 Livius»
700 2073 849 2141 quam
863 2072 957 2140 ipse
974 2069 1160 2138 Iupiter.
1174 2064 1480 2139 Multa‚,qua
1497 2062 1675 2117 naturai
1686 2067 1907 2141 impedita
1912 2068 2038 2139 fiant,
2057 2066 2235 2141 confilio

701 2148 968 2222 &ingenio
987 2142 1168 2221 expedit
1197 2165 1214 2195 .·
1250 2146 1297 2194 ἃ
1319 2141 1564 2215 quiaistud
1582 2143 1775 2193 Naturae
1792 2137 2094 2198 adr'riiniculo
2111 2161 2241 2196 tem·

706 2245 833 2298 perat
850 2226 1062 2277 thoraces
1081 2223 1249 2274 ferreos
1266 2253 1282 2285 ‚<
1305 2222 1353 2271 ὃ(
1373 2222 1547 2272 ferrum
1564 2221 1614 2271 in
1633 2219 1820 2273 lanceas
1837 2224 1989 2287 acuit,
2017 2223 2240 2277 industria

472 2319 483 2332 ²
497 2311 645 2359 ,minimest
711 2303 862 2378 magis
881 2304 1146 2372 Principem
1161 2301 1228 2351 uti
1243 2299 1502 2370 oportebit,
1519 2298 1666 2369 quam
1681 2309 1699 2329 Δ
1716 2300 1906 2355 viribus,
1919 2301 2120 2354 consilio
2139 2321 2238 2353 ma-

456 2368 684 2413 s⁸p¹⁶‘¹⁴'‘¹¹“¹m
711 2382 798 2447 ois,
814 2379 964 2454 quam
982 2377 1193 2439 brachio,
1212 2378 1402 2429 calamo
1418 2378 1574 2446 potius
1590 2412 1603 2432 2
1623 2377 1770 2449 quim]
1785 2377 1977 2451 gladio:
2000 2399 2115 2431 nam
2129 2399 2240 2432 om·

462 2417 593 2450 1·ii·r'5.Sa
607 2420 683 2445 ³.6.1

598 2426 609 2460 t
711 2429 796 2513 {ia
813 2457 1029 2531 potentia
1055 2454 1260 2508 extrema
1275 2457 1463 2526 experiri
1493 2454 1639 2517 velle,
1669 2455 1936 2528 Gigantum
1966 2457 2087 2510 foret
2115 2459 2243 2510 insa-

714 2541 794 2591 nia
813 2582 825 2603 ‚
859 2538 944 2610 qui
975 2551 1170 2588 montes
1197 2534 1451 2585 montibus
1480 2532 1725 2606 aggessere.
1769 2536 1898 2584 Vires
1921 2536 2119 2607 majores
2135 2556 2243 2588 non

714 2618 897 2687 semper
914 2613 1229 2683 triumphant.
1243 2611 1451 2663 Cursum
1467 2613 1597 2664 navis
1611 2612 1775 2684 exigua
1794 2609 1901 2662 sistit
1916 2632 2119 2666 remora.
2133 2618 2244 2667 Vna

715 2696 878 2747 civitas
894 2691 1202 2745 Numantina
1218 2708 1375 2741 annos
1389 2688 1755 2760 quatuordecim
1775 2691 2060 2742 Romanum
2077 2692 2244 2767 fatiga·

717 2774 784 2826 vit
799 2772 1078 2841 Imperium.
1116 2771 1171 2819 ln
1189 2767 1303 2819 urbe
1319 2769 1536 2839 Sagunto
1562 2766 1881 2840 expugnanda
1900 2768 2001 2837 plus
2020 2769 2259 2822 laborans

722 2850 842 2901 dum
855 2849 925 2902 isti
938 2848 1026 2900 fuit
1041 2881 1056 2901 ,
1081 2846 1231 2917 quam
1247 2846 1296 2896 in
1314 2843 1568 2898 vastissimis
1585 2844 1694 2894 Asiae
1715 2845 1969 2897 Provinciis
1984 2846 2246 2922 subjugan-

476 2943 608 2997 ’χλῑτῖιον
624 2937 665 2996 est
728 2928 817 2978 dis,
861 2929 996 2976 Vires
1029 2924 1345 2995 languescunt
1373 2919 1545 2972 sensim
1565 2965 1577 2984 ‚
1611 2923 1660 2971 ὅ(
1694 2922 2052 2991 consumuntur
2069 2970 2081 2989 ‚
2111 2929 2248 2998 inge-

475 2998 700 3070 stp‘d'bffla‘m
735 3006 872 3056 nium
888 3003 1070 3071 semper
1084 3000 1297 3069 perdurat
1317 3002 1386 3049 z&
1408 2998 1439 3049 fi
1457 2998 1609 3050 isthoc
1628 2999 1809 3050 bellum
1830 3019 1935 3050 non
1950 3020 2132 3074 geratur
2150 3047 2161 3065 ‚
2185 3000 2249 3052 il-

486 3085 703 3129 1‘<001<¹'·9·¹3·
736 3081 789 3133 lis
806 3078 1175 3134 nonbvincitur.
1193 3077 1360 3130 Secure
1375 3076 1493 3130 illud
1513 3075 1698 3128 bellum
1713 3076 1983 3147 suscipitur,
2010 3078 2143 3151 quod
2174 3079 2246 3128 in-

2104 3154 2251 3228 genio
