2394 3768
428 342 823 384 SYMBOLA
921 341 1366 386 POLITICA.
1622 346 1676 399 ες

133 411 315 466 multos
327 412 459 465 fama
478 413 530 465 in
552 411 781 466 invidiam
794 409 1006 476 adduxit,
1020 414 1072 464 &
1087 410 1377 468 durissimam
1392 414 1563 468 iterum
1579 414 1676 468 ser-

131 492 222 546 vire
234 490 346 542 fecit
359 490 650 543 servitutem!
679 488 791 543 Nec
800 491 955 543 minus
969 488 1216 566 periculum
1229 511 1288 544 ex
1298 487 1469 567 magnai
1486 491 1565 544 seu
1580 492 1675 545 bo-

127 563 331 640 nafama}
344 602 362 624 ‚
388 564 533 642 qudm
557 585 618 619 ex
630 563 773 621 malci.
803 569 1076 639 Nunquam
1091 568 1334 621 Miltiades
1347 571 1494 623 vitam
1508 570 1674 624 infelix

125 641 340 697 amififfet
355 645 406 696 in
425 662 602 696 carcere
617 689 629 707 ‚
646 642 679 695 s1
693 644 826 695 fortis
839 643 964 696 illius
979 646 1170 697 animus
1186 647 1237 697 in
1253 645 1455 698 tenebris
1469 646 1671 699 dilituis-

125 720 196 774 set
209 720 489 795 incognitus
503 765 516 785 ,
530 737 609 773 aut
624 720 656 772 s1
673 719 857 791 spiritus
867 722 976 774 suos
994 721 1177 774 altiores
1193 722 1466 775 moderatus
1483 725 1511 774 s
1505 723 1670 777 uffice-

125 818 175 852 re
187 797 270 850 sibi
295 796 487 869 putasset
497 833 513 854 ‚
541 796 745 850 aliorum
762 798 1130 851 Atheniensium
1140 801 1316 853 civium
1327 818 1507 873 aequare
1520 800 1672 853 fortu-

126 893 262 930 nam.
302 876 463 929 Crevit
489 875 793 929 victoriarum
820 875 1010 947 plausus
1040 920 1054 940 ‚
1084 875 1296 948 cumque
1322 877 1510 931 invidiae
1536 877 1669 931 oculi

123 969 230 1006 tam
239 951 542 1024 splendentes
553 951 690 1006 farnae
706 951 860 1004 radios
874 953 988 1006 ferre
1000 952 1126 1005 haud
1140 953 1324 1026 poffent
1338 999 1350 1019 ‚
1368 954 1394 1007 a
1411 953 1668 1026 Republica

122 1029 202 1084 illa
214 1031 266 1084 in
280 1028 600 1100 suspicionem
617 1029 774 1082 vocari
788 1031 933 1101 coepit
947 1075 959 1092 ‚
971 1029 1107 1102 quod
1120 1032 1484 1084 aestimationem
1500 1034 1550 1084 &
1561 1051 1667 1105 gra-

124 1109 242 1160 tiam
263 1107 427 1159 mereri
440 1105 682 1159 debuerat.
717 1108 863 1159 Veriti
880 1109 1110 1160 nimirum
1126 1109 1264 1173 sunt,
1280 1127 1344 1161 ne
1359 1110 1451 1161 suis
1467 1111 1666 1162 tandem

124 1184 385 1239 cervi-cibus
402 1185 572 1258 jugum
590 1201 869 1258 cogerentur
885 1183 1135 1239 admittere
1150 1230 1163 1251 ,
1190 1184 1327 1259 quod
1352 1186 1431 1239 ille
1453 1186 1669 1240 hostibus

124 1261 436 1332 imponebat3
463 1260 662 1333 plusque
675 1261 892 1313 futurum
907 1263 958 1312 δε
981 1259 1219 1316 incertum
1236 1262 1528 1316 infidelitatis
1547 1268 1668 1335 peri-

126 1339 291 1392 culum
308 1336 626 1391 formidarunt
648 1336 672 1390 a
690 1336 906 1390 Miltiade
923 1384 935 1403 ‚
950 1339 1098 1410 quam
1117 1341 1310 1410 praesens
1325 1340 1668 1414 illudssclonge

122 1416 308 1491 gravius
322 1461 334 1480 ‚
350 1413 485 1487 quod
497 1414 789 1467 imminebat
803 1414 863 1466 ab
873 1416 927 1466 iis
943 1459 955 1478 ,
971 1416 1054 1486 qui
1066 1415 1216 1485 aperte
1229 1417 1280 1465 ὃς
1298 1416 1456 1485 palam
1470 1418 1669 1470 civitatis

122 1494 311 1546 ruinam
342 1510 397 1545 ae
421 1491 682 1563 pernicicm
722 1487 1063 1542 moliebantur.
1120 1492 1333 1563 Suspicio
1352 1492 1592 1545 rationem
1616 1493 1670 1545 in

123 1569 376 1624 confilium
405 1585 513 1620 non
527 1565 744 1630 adhibet,
773 1584 865 1619 nec
892 1564 1000 1618 finit
1015 1567 1281 1621 istiusmodi
1308 1585 1468 1622 metus
1483 1588 1552 1622 res
1578 1570 1672 1623 suis

119 1645 384 1719 ponderare
423 1642 693 1696 momentis
718 1681 734 1706 ,
757 1657 845 1695 aut
863 1643 910 1695 se
936 1644 963 1697 a
982 1645 1274 1719 gratitudine
1299 1644 1458 1702 debita
1482 1648 1670 1723 corrigi.

117 1722 297 1778 Malu-it
307 1718 596 1792 Respublica
609 1717 692 1773 illa
705 1719 848 1774 unius
865 1720 977 1775 civis
994 1764 1007 1786 ,
1023 1721 1133 1776 licet
1144 1721 1204 1776 de
1219 1723 1267 1777 se
1278 1723 1463 1796 optime
1479 1727 1635 1779 meriti
1651 1764 1667 1791 ,

118 1817 317 1855 carceres
329 1796 651 1850 &infamiam
664 1841 680 1863 ,
703 1797 854 1872 qu'am
870 1797 989 1851 alios
999 1816 1174 1853 omnes
1185 1802 1236 1854 in
1254 1801 1503 1856 continuis
1519 1804 1669 1875 suspi-

117 1875 341 1932 cionibus
365 1874 530 1931 vivere.
568 1873 967 1951 Carthaginenses
983 1877 1231 1949 Sapphoni
1257 1879 1496 1951 Hispaniae
1512 1881 1668 1935 admi*-

115 1954 447 2008 nistrationern
473 1951 791 2028 abrogarunt,
816 1955 964 2025 specie
990 1955 1191 2027 quidem
1208 1956 1498 2028 Reipublicae
1514 1959 1564 2011 in
1588 1978 1672 2031 pa—

114 2030 199 2085 tria
210 2029 519 2103 procurandae
534 2049 607 2094 3re
619 2046 784 2083 tamen
798 2029 904 2085 vera
917 2075 930 2096 ,
944 2035 1056 2105 quia
1069 2035 1338 2102 potentiam
1354 2037 1450 2105 ejus
1470 2080 1482 2100 ‚
1497 2039 1666 2089 aueto-

113 2108 399 2180 ritatemque
427 2105 633 2179 amplius
669 2108 786 2161 ferre
804 2127 912 2161 non
947 2109 1258 2163 sustinebant.
1306 2114 1401 2164 Pari
1429 2113 1588 2166 modo
1614 2116 1668 2166 ὃς

113 2190 399 2250 Hauonern,
415 2186 512 2257 ejus
528 2186 581 2238 in
595 2184 1261 2245 Provincia-successoremaot
1277 2188 1516 2263 tantisque
1533 2193 1668 2246 navi-

114 2263 393 2341 gationibus
423 2262 660 2317 celebrem
688 2261 983 2318 mulctarunt
1008 2265 1150 2318 exilio
1172 2293 1187 2329 3
1220 2265 1356 2320 nulla
1392 2268 1582 2338 justiore
1605 2268 1667 2321 de

115 2344 232 2396 caus
227 2338 274 2394 sa
289 2385 302 2405 ‚
313 2337 465 2413 quam
479 2338 614 2414 quod
627 2339 828 2415 ingenio
838 2342 890 2394 ὅτ.
901 2342 1127 2396 industria
1137 2343 1244 2414 plus
1257 2343 1452 2402 valeret,
1472 2365 1528 2399 ac
1544 2345 1669 2399 libe-

114 2438 172 2473 1ae
187 2418 360 2477 civitati
373 2432 534 2470 tutum
549 2432 787 2489 putarent.
823 2418 1053 2473 Viderant
1066 2440 1179 2473 eum
1191 2422 1313 2474 inter
1328 2421 1553 2475 homines
1568 2423 1665 2494 pri⁴

72 2554 75 2555 ⁷
114 2514 258 2563 muqm
270 2513 422 2548 manu
431 2493 630 2549 leonem
642 2498 836 2548 tractare
848 2530 865 2554 ‚
880 2498 931 2548 δε
949 2498 1151 2551 cicurare
1168 2542 1181 2562 ,
1209 2500 1261 2550 δε
1276 2516 1487 2552 metuere
1502 2519 1663 2570 coepe-

115 2588 229 2627 runt
245 2615 259 2639 ,
284 2591 347 2626 ne
362 2574 411 2625 δε
433 2572 560 2645 ipsos
582 2571 784 2626 tandem
796 2573 1189 2648 subjugaretl,qui
1212 2577 1416 2628 ferarum
1432 2577 1666 2630 immani-

114 2667 265 2704 tatem
295 2648 564 2703 domuiffet.
604 2652 675 2703 Ita
690 2649 912 2705 videlicet
928 2651 1213 2725 obsequia&
1235 2654 1418 2726 egregia
1444 2653 1661 2706 faci-nora

115 2729 403 2782 remunerari
424 2726 580 2781 solent
597 2728 698 2781 Res
693 2728 906 2802 publicae.
948 2732 1117 2782 Nemo
1132 2731 1308 2783 civium
1324 2731 1465 2782 suum
1480 2747 1663 2802 reputat

116 2805 359 2876 honorem
395 2820 476 2858 aut
502 2804 793 2860 benefici-um
824 2850 838 2871 ‚
866 2807 1004 2880 quod
1031 2809 1082 2860 in
1121 2806 1316 2861 univers
1311 2827 1395 2859 am
1421 2808 1664 2862 confertur

116 2884 554 2946 communitatem,
581 2882 823 2937 offensam
847 2900 1017 2939 tamen
1029 2885 1249 2956 ejusdem.»
1267 2887 1318 2935 ὃ(
1343 2885 1665 2957 suspicionem

53 2994 59 3000 -
116 2979 293 3014 omnes
309 2961 367 3013 ad
382 2961 428 3013 se
446 2959 724 3015 arbitrantur
737 2965 981 3034 pertinere.
1019 2965 1063 3015 Si
1081 2965 1274 3034 ptaernio
1291 2960 1669 3017 afficiendusali·

115 3039 221 3111 quis
237 3040 327 3104 ‚vix
344 3038 537 3110 pauculi
550 3037 890 3114 suffragantur3
907 3040 1076 3094 contra
1091 3058 1143 3093 ut
1157 3058 1289 3092 reum
1304 3041 1495 3104 faciant,
1513 3060 1667 3093 nemo

116 3134 224 3169 non
246 3116 426 3193 satagit.
464 3116 571 3184 Qi
597 3118 717 3170 inter
733 3117 848 3172 alios
874 3121 1083 3182 eminet,
1108 3120 1147 3171 is
1157 3136 1320 3192 Jamm
1346 3118 1558 3191 periculo
1571 3119 1665 3170 ests

966 3198 998 3248 F
1038 3216 1058 3255 3
1549 3214 1669 3248 nam

1703 497 1812 533 Tacit.
1830 497 1864 534 in
1877 497 1925 535 vl·

1704 546 1737 582 ta
1751 549 1861 595 Agric.

1700 1882 1786 1924 Mar.
1800 1881 1875 1935 ffist·

1702 1937 1886 1986 Hispaltzle.
1898 1954 1928 1976 ι.
