2394 3768
420 322 822 363 SYMBOLA
877 321 1330 364 PoL1TrcA.
1544 332 1628 378 457

64 407 69 411 ’
104 410 190 445 tur.
219 388 462 442 Oneribus
479 389 647 461 pressus
663 390 909 452 concidit,
934 390 1157 443 allevatus
1174 391 1445 445 recalcitrat.
1486 392 1630 445 Amat

104 469 295 542 ingenia
314 468 577 536 praefervida
595 469 642 516 δε
660 469 898 518 temeraria
913 502 927 522 ,
946 469 1181 519 rationem
1196 470 1311 520 item
1326 469 1628 542 gubernandi

105 544 407 599 ambitiosam
424 546 472 595 ὅ(
494 544 836 595 turbulentam.
868 546 1140 616 Nunquam
1167 547 1420 616 acquiescit
1433 546 1628 617 praesen-

105 623 139 674 ti
170 640 324 674 rerum
349 621 465 674 statu
483 665 495 685 ‚
524 621 807 672 mutationis
836 621 1017 691 semper
1047 624 1096 672 ὅ(
1126 623 1351 674 novitatis
1387 641 1630 693 appetens.

105 701 313 753 Virtutes
328 700 526 750 autvitia
543 716 737 758 eorum,
762 698 843 768 qui
870 700 1072 767 praesunt
1091 745 1103 764 ‚
1130 700 1354 751 imitatur.
1387 701 1631 771 Locuple-

106 776 229 829 tibus
247 777 295 826 ὅ(
314 774 665 846 potentioribus
682 774 862 828 invidet
881 820 893 839 ‚
917 776 1167 829 &infidias
1182 775 1498 828 machinatur.
1533 782 1633 830 Lu·-

106 853 195 906 dos
220 852 402 924 aliaque
433 851 793 905 oblectamenta
824 851 1005 926 diligit,
1031 872 1188 926 neque
1213 851 1311 905 ulla
1340 852 1427 906 alia
1450 872 1498 904 re
1523 874 1631 907 ma·-

105 932 173 1007 gis
186 967 201 987 2
218 930 366 1004 quam
380 930 473 982 istis
490 974 502 993 ‚
521 930 708 981 animus
736 928 860 980 illius
873 931 923 980 ὃ(
951 934 1096 1004 gratia
1112 931 1353 984 conciliari
1373 932 1539 1001 potest.
1571 935 1629 987 In

104 1010 358 1082 Religione
385 1007 722 1077 superstitiosus
735 1006 799 1058 est
817 1051 829 1071 ,
854 1009 905 1057 &
933 1007 1261 1060 Sacerdotibus
1288 1025 1414 1079 paret
1438 1007 1596 1078 potius
1615 1055 1628 1074 ‚

107 1085 255 1160 quam
273 1086 363 1137 suis
385 1083 689 1154 Principibus.
724 1088 810 1136 Hae
827 1086 1063 1155 praecipuae
1091 1085 1400 1138 conditiones
1414 1085 1631 1138 affectio.

108 1163 285 1236 nesque
300 1166 410 1214 sunt
424 1162 764 1213 multitudinis,
789 1161 914 1213 Illud
931 1178 1096 1214 tamen
1112 1162 1193 1215 fibi
1215 1164 1429 1233 Princeps
1444 1164 1630 1233 persua-

108 1243 215 1295 deat
228 1281 242 1305 ,
258 1240 446 1292 nullam
464 1237 551 1291 effe
567 1240 976 1292 communitatem
995 1285 1006 1304 ,
1025 1257 1104 1291 aut
1118 1258 1218 1291 tam
1235 1239 1454 1311 amplum
1475 1239 1634 1293 consi-

104 1322 242 1374 lium,
259 1318 571 1390 quantumvis
585 1335 723 1389 grave
739 1315 809 1380 fit,
823 1318 871 1367 δε
886 1317 1114 1369 Virorum
1132 1317 1418 1370 selectorum
1436 1362 1448 1381 ,
1466 1318 1517 1369 in
1530 1337 1632 1389 quo

104 1397 276 1470 vulgus
301 1394 497 1467 aliquod
517 1413 621 1446 non
638 1393 708 1448 sit,
726 1393 955 1470 quodque
970 1397 1143 1448 nonin
1160 1394 1326 1448 multis
1345 1413 1459 1448 cum
1479 1414 1633 1468 popu-

105 1475 189 1528 lari
205 1474 479 1527 conveniat.

214 1556 269 1607 5.
290 1550 390 1602 Alia
404 1551 547 1602 etiam
562 1549 861 1603 Decachordi
876 1551 1001 1604 istius
1024 1551 1195 1605 Musici
1212 1548 1342 1624 pars}
1366 1570 1455 1605 nee
1471 1551 1634 1607 minus

106 1627 373 1700 principalis
390 1628 452 1680 est
471 1627 575 1678 aula
593 1654 607 1689 5
627 1630 758 1696 cujus
775 1646 945 1682 nervos
962 1629 1048 1680 nifi
1067 1630 1243 1702 magna
1257 1649 1371 1685 cum
1387 1630 1636 1699 prudentia

105 1708 155 1756 δε
172 1704 439 1757 dexteritate
458 1706 673 1773 Princeps
685 1705 924 1774 impellere
940 1708 1151 1768 noverit,
1166 1707 1313 1758 totius
1325 1707 1635 1779 gubernatio-

107 1783 181 1834 nis
210 1782 516 1834 harmoniam
547 1779 880 1832 disturbabunt
910 1804 920 1830 :
946 1801 1088 1853 quare
1102 1799 1154 1833 ut
1172 1782 1294 1833 bene
1311 1783 1340 1832 ii
1368 1782 1550 1854 semper
1566 1801 1637 1836 at-

109 1861 354 1929 temperati
383 1874 694 1929 permaneant
710 1903 722 1921 ,
747 1857 870 1909 illius
886 1860 1029 1910 etiam
1049 1875 1269 1911 naturam
1289 1856 1420 1911 nosse
1444 1876 1638 1931 oporte·

108 1936 195 1990 bit.
210 1936 283 1987 list
300 1938 437 2010 igitur
453 1934 554 1988 aula
572 1934 939 2004 praesumptuosa
952 1937 1001 1986 &
1016 1938 1150 1990 varia.
1176 1935 1248 1986 Ad
1268 1953 1524 1989 momenta
1542 1937 1639 1989 sin-

111 2014 224 2089 gula
237 2013 612 2066 Chamaeleontis
627 2013 767 2064 instar
780 2012 889 2064 suos
906 2029 1061 2064 mutat
1079 2012 1280 2069 colores,
1299 2033 1384 2085 pro
1401 2034 1460 2066 eo
1475 2034 1529 2067 ac
1541 2016 1637 2068 for·

113 2109 229 2144 tuna
243 2092 455 2163 prospera
475 2135 487 2153 ,
518 2106 597 2141 aut
610 2089 795 2143 adversa
811 2091 990 2160 aspirat.
1002 2090 1210 2142 Tametfi
1226 2110 1322 2142 una
1338 2093 1387 2143 &
1404 2110 1638 2145 commu-2

111 2172 184 2225 nis
197 2169 428 2221 omnium
448 2167 610 2241 lingua
626 2166 678 2218 sit
698 2211 709 2230 ‚
734 2185 838 2217 non
856 2165 988 2238 aeque
1003 2183 1166 2219 tamen
1179 2186 1352 2219 omnes
1376 2186 1484 2220 earn
1500 2168 1641 2220 intel-

108 2247 278 2321 ligunt.
307 2247 570 2315 Principem
604 2246 882 2296 nascentem
908 2260 1153 2296 veneratur
1182 2264 1236 2297 ac
1264 2244 1380 2297 colit
1395 2280 1411 2301 ,
1446 2245 1637 2297 occasui

110 2326 387 2395 proximum
404 2321 607 2374 minime
623 2338 766 2374 curat.
799 2322 1027 2373 Actiones
1040 2320 1163 2375 illius
1180 2322 1458 2375 observat&
1478 2324 1641 2392 carpit.

113 2401 332 2453 Moribus
349 2402 444 2469 ejus
460 2399 554 2451 sese
571 2398 994 2460 accommodat,&
1011 2417 1180 2451 errores
1198 2399 1422 2451 imitatur.
1440 2399 1638 2451 Retibus

110 2478 398 2532 adulationis
415 2475 582 2529 assidue
598 2476 723 2529 illius
735 2493 930 2529 venatur
941 2477 1430 2548 gratiamNunquam
1446 2495 1551 2527 non
1563 2478 1640 2528 in-

113 2572 242 2608 tenta
258 2557 307 2605 in
326 2554 647 2605 ambitionem
664 2557 712 2604 ὅ(
740 2553 974 2624 privatum
996 2552 1340 2605 commodum.
1368 2552 1638 2605 Mendaciis

112 2633 317 2697 alitur‚&
332 2634 572 2683 veritatem
588 2631 705 2683 odio
719 2630 1076 2683 habet.Malum
1093 2632 1266 2682 temere
1283 2629 1640 2686 credit‚difficil-

113 2710 228 2763 lime
242 2709 288 2761 id
302 2708 435 2781 quod
453 2708 644 2760 bonum
661 2708 926 2759 est.Amans
940 2708 1272 2760 mutationum
1284 2708 1334 2757 ὃς
1349 2709 1640 2761 novitatum.

114 2787 300 2838 Omnia
317 2787 528 2849 timet‚&
544 2783 714 2838 diffidit
727 2787 776 2836 in
793 2785 1044 2837 omnibus,
1070 2784 1275 2854 Superba
1288 2787 1336 2835 δε
1353 2803 1572 2858 arrogans
1588 2786 1643 2836 in

114 2864 333 2935 jubendo
352 2907 364 2926 ‚
381 2869 432 2914 in
448 2862 726 2915 obediendo
741 2863 976 2931 abjecta&
995 2861 1205 2914 humilis.
1233 2862 1400 2915 Invida
1415 2879 1521 2913 turn
1536 2881 1643 2934 erga

116 2941 324 3012 seipsam
341 2942 387 2991 ὅ(
409 2938 700 2994 domesticos
717 2957 847 3003 ‚tum
862 2959 967 3012 erga
984 2958 1067 2990 eos
1087 2983 1098 3001 ‚
1113 2945 1195 3010 qui
1212 2939 1335 2992 extra
1351 2938 1549 3013 degunt.
1583 2942 1643 2990 In

119 3018 461 3071 diffimulandis
476 3017 782 3090 celandisque
799 3017 889 3069 suis
904 3016 1065 3067 studiis
1081 3019 1258 3069 mirum
1277 3018 1328 3068 in
1346 3017 1555 3068 modurn
1570 3034 1644 3067 ar*

117 3090 327 3152 tificiosa.
346 3094 533 3148 Odium
549 3097 637 3150 risu
653 3098 702 3148 ὃ(
718 3095 1011 3149 caeremoniis
1025 3097 1253 3170 contegit.
1270 3094 1452 3147 Laudat
1466 3093 1645 3165 palam,

902 3221 904 3223 ,
924 3170 980 3236 Q
1000 3189 1034 3243 q
1520 3171 1648 3225 clam
