2394 3768
741 312 821 339 220
1116 281 1424 330 DIDACI
1504 282 1935 324 sAAVEDRAE
2291 330 2301 341 .

745 367 992 421 heroicum
1006 358 1285 428 responsum
1301 355 1363 409 s1c
1380 353 1536 408 affecit
1566 352 1817 406 Alexandri
1829 351 2048 403 animum
2069 392 2080 411 ,
2098 362 2151 400 ut
2166 363 2279 399 eum
2377 413 2378 418 1

747 460 853 496 non
872 434 1087 490 modbin
1103 453 1307 508 regnum
1321 435 1348 485 s
1343 453 1462 485 uum
1491 431 1731 484 restituerit
1748 474 1759 492 ‚
1776 429 1854 480 sed
1871 427 2024 499 plures
2049 427 2192 479 etiam
2210 422 2280 475 illi

750 515 1016 590 provincias
1030 511 1275 564 addiderit.
1315 509 1720 563 Acerbitatibus&
1747 506 1971 557 aerumnis
1991 504 2151 557 cedere
2169 546 2182 564 ‚
2216 498 2282 552 est

748 593 807 647 ad
824 609 984 646 earum
1000 587 1125 663 quasi
1145 605 1292 660 partes
1307 587 1399 639 sese
1414 586 1687 661 adjungere.
1727 580 1976 634 Fortitudo
1992 583 2043 632 in
2057 582 2188 634 vieto
2205 595 2276 628 et-

747 675 844 744 jam
860 669 1045 721 Vistori
1062 666 1231 738 placet,
1251 681 1331 718 aut
1343 666 1453 737 quia
1467 662 1765 734 triumphum
1786 662 1882 730 ejus
1907 658 2153 711 clariorem
2182 651 2282 708 effi-

751 750 831 813 cit,
847 762 925 800 aut
940 760 1126 817 propter
1142 743 1291 813 ipsam
1324 743 1501 796 virtutis
1525 742 1640 795 vim.
1679 738 1885 790 Animus
1911 735 2149 790 violentiae
2178 750 2286 786 non

748 841 891 901 paret,
906 841 1061 895 neque
1075 821 1338 893 quicquam
1369 820 1418 872 in
1433 837 1545 871 eum
1564 817 1713 889 potest
1738 819 1958 867 Fortuna.
2002 815 2178 865 Graves
2196 810 2285 863 mi-

750 923 837 957 nas
851 900 1053 954 Carolus
1071 898 1288 963 Quintus
1302 901 1561 969 Imperator
1574 893 1845 948 intentabat
1857 892 2030 943 Ioanni
2056 888 2286 941 Friderico

750 979 964 1033 Saxoniae
992 976 1116 1028 Duci
1135 1019 1147 1038 ‚
1163 993 1309 1047 quem
1337 975 1578 1046 captivum
1604 972 1797 1026 tenebat
1814 1016 1826 1035 ,
1844 985 1896 1022 ut
1929 967 1987 1019 ad
2006 965 2290 1019 dedendum

750 1057 833 1110 fibi
851 1060 1097 1108 Ducatum
1118 1052 1554 1125 Wirtenbergicum
1573 1069 1686 1103 eum
1705 1047 2036 1118 compelleret5
2069 1043 2164 1115 ipse
2177 1041 2290 1097 vero

748 1132 892 1188 libere
910 1129 1176 1202 respondit:
1217 1128 1679 1201 Poteritquidemsua
1691 1123 1961 1198 &majestas
1988 1120 2295 1195 Casareasta-

746 1226 871 1266 tuere
884 1208 941 1260 de
957 1227 1046 1263 me,
1062 1206 1282 1283 quicquid
1292 1204 1497 1270 libuerit3
1515 1214 1567 1258 ut
1578 1219 1735 1258 tamen
1751 1206 1957 1257 timorem
1974 1198 2074 1252 huic
2099 1200 2291 1252 incutiat

741 1289 1190 1366 ped‘t'orimunquam
1212 1281 1394 1361 ςῇὶσὶετ.
1430 1281 1483 1334 ld
1501 1281 1636 1354 quod
1664 1283 1717 1334 in
1745 1278 1996 1333 occafione
2029 1276 2114 1330 alia
2145 1274 2295 1349 longe

750 1362 1006 1417 difficiliori
1034 1360 1176 1432 reipsa
1202 1359 1309 1413 ratis
1335 1359 1546 1412 ostendit
1571 1357 2052 1432 :contigitenirmut
2070 1354 2192 1406 dum
2225 1354 2294 1405 la-

753 1439 1092 1495 trunculorum
1110 1438 1230 1491 lusui
1243 1439 1457 1490 intentus
1468 1436 1576 1489 effet
1595 1481 1607 1502 ,
1623 1436 1786 1508 capitis
1801 1433 2089 1486 sententiam
2102 1433 2152 1484 in
2170 1433 2215 1485 se
2230 1431 2297 1484 la-

754 1536 854 1572 tam
871 1517 1179 1592 intelligeret5
1214 1534 1317 1588 quo
1335 1514 1514 1567 nuntio
1531 1516 1814 1586 neutiquam
1833 1511 1911 1564 ille
1927 1510 2139 1563 turbatus
2158 1545 2175 1566 ,
2195 1527 2296 1580 per-

754 1595 870 1651 inde
884 1593 1015 1668 quafi
1031 1593 1152 1647 nihil
1171 1593 1229 1646 ad
1247 1594 1293 1645 se
1309 1593 1559 1663 pertineret
1574 1635 1586 1655 ‚
1603 1590 1850 1642 Ernestum
1868 1593 2058 1641 Ducem
2075 1587 2299 1641 Brunsui-

677 1702 681 1705 ·
757 1673 951 1727 censem
980 1706 998 1728 ,
1023 1671 1227 1743 quicum
1255 1668 1481 1731 ludebat,
1515 1666 1658 1721 libera
1683 1686 1803 1720 voce
1832 1667 2109 1719 cohortatus
2123 1665 2187 1717 est
2209 1710 2220 1727 ‚
2246 1679 2300 1717 ut

759 1769 867 1802 non
885 1748 1105 1800 obstante
1120 1747 1205 1798 illo
1221 1744 1381 1796 ludere
1396 1761 1616 1818 pergeret.
1659 1743 1817 1813 Quod
1834 1743 2086 1795 heroicum
2102 1743 2302 1812 respon—

761 1827 870 1877 sum
888 1825 1124 1876 infamem
1142 1821 1412 1873 rebellionis
1428 1838 1599 1873 notam
1616 1820 1797 1874 detersit
1810 1818 2189 1892 aliquantum,&
2206 1819 2303 1872 cla-

763 1920 872 1955 rum
889 1918 1001 1953 eum
1018 1897 1238 1952 reddidit.
1282 1901 1423 1950 Aetio
1455 1900 1597 1952 unica
1623 1898 1930 1973 generofioris
1949 1901 2129 1953 animi,
2156 1898 2302 1949 etiam

765 1979 879 2033 curn
895 1980 962 2029 vis
976 1976 1071 2047 ipsa
1094 1975 1152 2027 ad
1172 1990 1382 2027 mortem
1401 1975 1547 2046 rapit,
1564 1978 1710 2028 vitam
1739 1975 1970 2027 illustrem
1995 1974 2221 2048 relinquit
2250 1976 2302 2024 ὃς

764 2053 999 2109 celebrem
1018 2074 1027 2102 ε
1049 2050 1473 2123 quemadmodum
1488 2050 1575 2104 hac
1594 2051 1748 2105 nostra
1760 2068 1892 2104 aetate
1909 2051 2111 2105 eveniffe
2127 2058 2304 2105 memi-

764 2132 928 2184 nimus
946 2128 1184 2180 Roderico
1199 2127 1496 2180 Calderonio
1511 2131 1701 2200 Septem
1717 2128 2026 2184 Ecclesiarum
2059 2130 2303 2184 Marchio-

764 2210 834 2270 ni,
849 2209 980 2276 cujus
996 2205 1231 2258 fortitudo
1245 2205 1347 2259 vere
1359 2205 1625 2258 Christiana
1640 2252 1652 2272 ‚
1664 2209 1712 2258 ὃ(
1733 2207 1920 2260 heroica
1936 2209 2199 2261 constantia
2214 2208 2304 2260 toti

767 2283 964 2339 mundo
995 2282 1300 2336 admirationi
1318 2284 1406 2335 fuit
1427 2327 1439 2347 ,
1457 2282 1576 2335 adeo
1603 2301 1656 2336 ut
1681 2284 2042 2339 aemulationem
2069 2286 2306 2338 &odium

767 2380 1042 2417 commune
1061 2376 1200 2413 tantae
1215 2359 1353 2431 ipfius
1370 2361 1573 2413 fortunae
1586 2363 1637 2413 in
1653 2361 1846 2415 laudem
1861 2364 1912 2414 &
1927 2365 2307 2417 commiseratio-

763 2458 883 2494 nem
902 2453 1114 2494 verteret.
1156 2440 1348 2512 Ignavia
1362 2438 1658 2492 &timiditas
1674 2441 1823 2493 animi
1841 2442 1864 2493 ὲ
1879 2440 2101 2493 violentis
2127 2441 2306 2495 casibus

763 2517 1017 2572 neminem
1037 2516 1268 2586 eripiunt,
1285 2534 1375 2569 nec
1390 2517 1654 2590 quicquam
1671 2518 1730 2570 de
1759 2518 1967 2590 periculo
1995 2519 2202 2572 turbatio
2229 2519 2310 2572 de-

762 2596 917 2650 trahit.
959 2592 1380 2647 Constantiaillud
1397 2596 1665 2661 autvincit‚
1698 2612 1777 2648 aut
1795 2595 1916 2649 certe
1932 2597 2178 2649 famosum
2209 2596 2307 2650 effi·

763 2674 846 2726 cit.
886 2673 922 2721 E
950 2671 1082 2725 vultu
1110 2673 1332 2742 Principis
1356 2673 1547 2742 periculi
1585 2674 1863 2747 gravitatem
1891 2674 2061 2750 vulgus
2095 2675 2304 2750 colligit,

762 2749 893 2802 haud
911 2749 1040 2802 secus
1071 2765 1214 2821 atque
1239 2769 1293 2802 ex
1320 2749 1526 2802 naucleri
1554 2749 1710 2803 oculis
1737 2752 1793 2808 ii,
1818 2753 1901 2823 qui
1927 2753 1980 2804 in
2007 2751 2171 2805 eadem
2198 2753 2308 2805 navi

762 2826 875 2877 sunt
896 2873 908 2889 ‚
924 2844 1046 2878 num
1062 2827 1311 2898 tempestas
1322 2827 1515 2901 grandis
1529 2825 1596 2881 sit.
1639 2833 1794 2900 Atque
1823 2829 1892 2881 ob
1909 2848 2015 2882 eam
2044 2848 2144 2882 rem
2173 2829 2309 2884 valde

763 2902 949 2971 expedit
963 2904 1194 2974 aequalem
1212 2906 1391 2974 semper
1408 2905 1457 2954 δε
1492 2904 1705 2957 serenam
1732 2906 1950 2959 exhibere
1972 2907 2184 2969 frontem
2201 2951 2211 2970 ,
2227 2907 2307 2960 seu

762 2979 1020 3051 tranquilla
1052 2980 1141 3032 sint
1166 2999 1406 3053 tempora,
1432 2982 1510 3033 seu
1537 2982 1749 3047 turbida,
1776 3001 1829 3036 ut
1845 3003 2002 3056 neque
2018 3002 2152 3037 metu
2180 2988 2308 3037 Prin·

761 3074 871 3128 ceps
888 3057 1133 3123 concidat,
1146 3078 1305 3132 neque
1327 3058 1538 3130 superbia
1549 3056 1765 3115 efferatur
1782 3105 1794 3125 ,
1812 3080 1970 3132 neque
1989 3061 2064 3113 alii
2083 3060 2142 3114 de
2173 3082 2314 3115 com-

2175 3141 2316 3193 muni
