2394 3768
481 299 878 341 SYMBOLA
938 300 1365 342 POLITICA.
1617 317 1691 356 527

165 366 265 421 bori
280 367 429 421 velint
443 368 691 421 intendere
722 375 735 419 ?
759 371 875 419 Earn
889 367 956 421 ob
973 388 1074 422 rem
1102 370 1286 423 tametsi
1302 370 1463 424 Cliina
1481 387 1580 425 tam
1598 392 1687 443 po-

161 445 324 516 pulosa
341 444 393 496 sit
409 490 420 508 ‚
454 463 505 499 ut
522 446 818 519 septuaginta
834 445 1103 507 incolarum
1121 465 1339 500 numeret
1353 449 1599 503 milliones
1614 495 1625 513 ,
1656 452 1686 502 ii

159 539 322 573 tamen
336 523 579 574 felicissimi
594 528 759 575 vivunt
772 524 822 573 in
836 541 991 574 rerum
1006 527 1234 577 omnium
1249 526 1458 579 ubertate
1470 529 1519 577 ὅ(
1535 528 1685 579 abun-

159 597 351 655 dantia,
386 599 624 671 propterea
642 599 774 671 quod
791 618 942 650 nemo
959 601 1078 653 inter
1095 622 1176 653 eos
1195 602 1277 666 fit,
1313 606 1518 675 quinon
1534 621 1683 657 artem

157 675 366 748 aliquam
382 693 602 730 exerceat.
643 683 702 728 At
731 676 841 730 vero
856 711 871 731 ,
896 680 1006 749 quia
1022 678 1138 730 illud
1154 681 1204 731 in
1225 679 1448 750 Hispania
1474 701 1580 733 non
1599 681 1652 733 fit
1673 726 1685 745 ,

155 752 270 806 hinc
285 770 415 806 tanta
431 774 585 806 rerum
620 754 680 805 est
701 755 863 823 inopia
881 798 893 817 ‚
921 774 1026 807 non
1043 755 1176 828 quod
1194 756 1281 808 soli
1313 755 1428 808 defit
1444 759 1682 822 fertilitas3

154 829 389 904 slquidem
407 833 456 884 in
478 833 594 905 agris
610 833 805 884 Murciae
822 832 869 882 &
888 833 1198 908 Carthagenae
1215 835 1426 886 triticum
1456 854 1571 888 cum
1591 838 1685 889 foe-

154 927 272 962 nore
289 909 521 980 centuplo
539 910 783 980 provenit,
817 908 1036 982 adeoque
1056 912 1221 963 multis
1251 911 1347 963 illic
1374 912 1552 965 saeculis
1582 915 1683 967 bel-

151 987 256 1041 lurn
274 987 515 1039 sustentari
531 990 710 1056 potuit3
730 986 809 1037 sed
826 988 937 1057 quia
954 988 1078 1040 deest
1094 1008 1314 1064 agrorum
1336 990 1518 1043 cultura
1534 1031 1547 1055 ,
1559 1010 1684 1054 exer-

152 1068 319 1123 citium
340 1066 510 1117 artium
526 1064 938 1155 mechanicarum,
956 1068 1221 1140 negotiatio
1235 1068 1285 1118 δε
1302 1071 1674 1125 commercium,

151 1147 226 1199 cui
242 1145 334 1197 sese
353 1144 433 1195 ista
453 1144 602 1194 Natio
620 1140 826 1195 minime
840 1142 1058 1226 applicat,
1077 1161 1243 1216 utpote
1257 1147 1389 1218 cujus
1405 1147 1614 1200 excelsus
1626 1150 1678 1199 &

147 1221 380 1298 gloriosus
397 1221 586 1272 animus
600 1222 669 1287 (in
688 1220 880 1306 plebejis
897 1221 1040 1271 etiam
1058 1221 1360 1293 hominibus)
1381 1224 1496 1276 statu
1517 1225 1604 1277 suo
1623 1245 1680 1278 ac

149 1304 270 1352 sorte
290 1317 467 1372 ,quam
483 1300 665 1350 Natura
677 1299 717 1350 ei
735 1297 895 1361 dedit,
914 1315 1173 1351 contentus
1188 1301 1275 1353 effe
1295 1320 1400 1353 non
1416 1303 1565 1357 solet,
1598 1303 1676 1354 sed

147 1379 314 1451 aspirat
331 1375 389 1428 ad
405 1374 610 1450 gradum
628 1376 847 1428 altiorem
866 1375 1173 1441 Nobilitatis,
1192 1379 1242 1428 <Sc
1262 1380 1606 1451 occupationes
1620 1381 1677 1433 il-

147 1457 213 1510 las
218 1454 462 1530 ,quaehuic
478 1472 583 1505 non
601 1454 668 1506 sat
681 1471 983 1506 conveniunt
990 1455 1303 1540 ,aspernatum
1320 1459 1681 1528 Cujusincom-

147 1538 286 1588 modi
305 1532 383 1585 illa
400 1533 543 1584 etiam
564 1531 714 1584 caussa
733 1530 1142 1604 videtur,quod1n
1161 1535 1387 1605 Hispania
1404 1553 1509 1588 non
1527 1537 1680 1609 aeque„

148 1628 288 1683 atque
304 1611 353 1662 in
371 1609 641 1674 Germania,
657 1609 865 1661 distincti
882 1607 972 1661 fint
988 1611 1268 1665 abinvicem
1274 1633 1345 1678 ,ac
1359 1613 1549 1685 separati
1563 1617 1676 1666 No-

145 1689 337 1743 bilitatis
350 1689 398 1738 ὅ(
423 1686 622 1759 vulgaris
637 1686 893 1779 plebeculae
907 1685 1095 1739 limites,

255 1733 535 1829 §Qamo
529 1763 669 1833 porro
686 1762 812 1814 utilis
827 1763 891 1813 est
920 1764 1213 1833 Reipublicae
1226 1767 1497 1821 fructuosus
1510 1768 1677 1842 aliquis

144 1845 195 1897 &
210 1842 405 1917 insignis
424 1840 576 1903 labor,
581 1855 682 1890 tam
701 1839 873 1890 noxius
889 1839 954 1889 est
970 1838 1226 1893 deliciosus
1238 1843 1288 1892 ὃ(
1303 1844 1577 1931 superfluus:
1591 1865 1678 1899 ne

143 1941 239 1996 que
255 1922 388 1973 enim
404 1915 567 1972 minus
581 1915 946 1969 effoeminantur
962 1917 1111 1969 animi
1130 1953 1145 1974 ‚
1157 1920 1253 2006 qui
1268 1922 1492 1975 exercitiis
1512 1922 1674 1976 molli-⁶

143 2001 236 2057 bus
248 2000 298 2049 ὃ(
316 1995 527 2048 delicatis
546 1994 642 2047 sele
657 2010 915 2064 occupant,
920 2013 1070 2065 quarn
1084 1998 1166 2079 qui
1180 1997 1328 2051 vitam
1342 1999 1496 2052 otiose
1508 2000 1647 2054 trans
1653 2030 1676 2042 ‹-

144 2092 287 2153 gunt.
327 2074 529 2140 Qare
523 2091 570 2125 in
597 2092 703 2124 eam
733 2089 897 2122 curam
925 2073 976 2120 ὅ(
1004 2075 1355 2144 cogitationem
1390 2077 1674 2131 incumbere

145 2153 414 2224 Principem
439 2166 630 2220 oportet
646 2185 662 2206 2
690 2166 742 2202 ut
759 2150 1103 2217 occupationes
1124 2149 1360 2220 publicae
1348 2155 1469 2205 iniis
1495 2155 1675 2225 potissia

146 2250 290 2286 mum
305 2228 476 2281 artibus
492 2227 756 2290 versentur,
786 2243 891 2299 quae
905 2225 962 2277 ad
981 2225 1315 2280 defensionem
1331 2230 1404 2279 ὅ(
1393 2249 1672 2285 incremen-

146 2327 256 2364 tum
272 2311 558 2381 Regnorum
576 2305 774 2367 faciunt,
790 2321 893 2355 non
912 2304 969 2356 ad
991 2304 1156 2357 luxum
1174 2307 1222 2356 δε
1239 2305 1495 2361 lasciviam.
1523 2310 1669 2375 Quot

144 2405 324 2442 manus
338 2383 565 2437 inutiliter
582 2384 627 2435 se
642 2384 844 2456 fatigant
863 2425 874 2444 ,
903 2398 955 2433 ut
970 2401 1097 2433 unus
1110 2384 1277 2456 aliquis
1291 2383 1533 2455 splendeat
1547 2387 1670 2459 digi-

144 2483 224 2519 tus
238 2486 248 2515 :
262 2460 411 2536 quarn
428 2480 586 2532 paucae
605 2505 617 2524 ‚
639 2478 692 2512 ut
707 2477 877 2530 corpus
891 2462 1031 2511 armis
1047 2461 1251 2515 reluceat
1276 2465 1284 2512 !
1323 2461 1491 2528 Quam
1505 2464 1670 2517 multae

147 2557 448 2613 occupantur
473 2540 524 2591 in
555 2539 839 2592 fabricandis
863 2538 1300 2593 commoditatibus
1328 2540 1388 2592 ad
1413 2540 1667 2595 delicias&

143 2619 508 2674 obleetamenta
522 2617 782 2670 oculorum
810 2639 820 2666 z
847 2615 998 2687 quam
1015 2635 1119 2669 rarae
1135 2619 1186 2670 in
1202 2617 1420 2671 eruendis
1435 2619 1559 2672 fossis
1575 2665 1588 2685 ‚
1616 2620 1669 2671 &

144 2697 392 2752 moenibus
406 2694 752 2759 construendis,
766 2712 869 2767 quae
886 2694 1023 2746 urbes
1038 2699 1306 2770 protegant!
1318 2695 1489 2763 Quam
1507 2697 1670 2750 multat:

143 2779 196 2832 in
214 2777 464 2828 hortorum
479 2773 687 2830 cultu‚in
705 2770 1018 2825 efformandis
1034 2775 1059 2825 ὲ
1075 2791 1238 2846 myrto
1252 2775 1470 2839 navibUS‚
1484 2778 1668 2829 anima·

142 2855 267 2908 libus
286 2897 298 2917 ‚
321 2853 510 2906 avibus:
535 2852 685 2937 quam
702 2869 859 2921 paucae
875 2852 926 2903 in
942 2850 1124 2904 cultura
1137 2856 1389 2927 agrorum!
1420 2856 1454 2903 E
1471 2871 1573 2926 quo
1588 2853 1668 2918 fit,

139 2950 196 2986 ut
211 2936 379 3005 Regna
395 2931 531 2983 rebus
546 2929 752 2981 minime
776 2927 1033 2981 necessariis
1058 2929 1339 2995 abundent,
1361 2937 1531 3006 egeant
1556 2929 1668 2987 vero

137 3011 196 3065 iis
208 3010 414 3083 ,quibus
427 3008 500 3062 vel
525 3007 733 3060 maxime
746 3026 867 3078 opus
881 3006 1002 3059 effer.

231 3093 286 3146 5.
303 3085 649 3156 Qamobrem
665 3105 779 3140 cum
804 3085 939 3139 labor
955 3083 1016 3139 ad
1032 3084 1326 3158 Reipublicae
1342 3087 1670 3143 conservatio-

1563 3183 1682 3219 nem
