2394 3768
434 314 841 355 SYMBOLA
904 317 1354 359 POLITICA.
1591 336 1672 375 377

227 386 280 439 5.
309 383 451 435 Varia
470 382 580 436 huic
597 384 730 436 malo
747 386 890 456 parari
909 385 1102 456 possunt
1118 388 1343 446 remedia,
1360 388 1672 445 efficacissima

119 482 170 517 ea
185 506 196 526 ‚
220 480 323 533 quae
340 461 628 532 praeservant.
668 465 801 514 Nam
818 462 848 513 fi
866 480 1031 516 natura
1049 466 1194 518 semel
1214 467 1275 520 ab
1301 468 1389 520 illo
1404 468 1600 541 superari
1620 473 1667 524 se

117 541 267 594 sinat,
304 538 432 591 haud
451 539 588 592 facile
613 541 788 593 iterum
806 542 1124 596 consanescit.
1155 544 1260 597 Hac
1285 563 1375 598 nos
1394 547 1552 601 tunica
1570 568 1667 601 no-

117 617 291 675 viffime
303 618 536 677 omnium
549 621 783 670 exuimus
822 621 866 670 Si
887 621 1121 692 Principes
1137 621 1162 673 a
1178 623 1340 675 natura
1356 624 1667 694 pecuniarum

115 714 277 750 amore
296 696 396 766 capi
411 698 668 770 contingat
680 741 691 760 ‚
705 697 765 748 ab
779 696 968 767 aspectu
984 699 1247 751 earundem
1266 746 1277 764 ‚
1309 703 1639 776 contaetuque
1651 738 1668 760 ‚

113 790 354 848 quantum
385 772 481 826 fieri
510 775 660 843 potest
680 820 692 838 ‚
712 774 902 826 arcendi
933 775 1045 829 sunt
1061 798 1070 826 :
1086 795 1164 848 per
1194 778 1365 831 oculos
1396 781 1529 831 enim
1555 799 1667 833 tan-

114 872 263 926 quam
281 869 356 922 per
383 852 603 905 fenestras
617 852 970 926 subingreditur
989 856 1173 906 avaritia
1194 900 1205 920 ,
1235 857 1280 905 δε
1301 856 1484 909 facilius
1499 859 1563 911 est
1588 860 1665 911 so-

113 931 312 984 lutionis
326 930 616 983 mandatum
635 931 858 1000 impertiri
881 975 893 993 ,
919 932 1068 1004 quam
1087 933 1236 1002 ipsam
1253 933 1565 987 adnumerare
1583 955 1664 1008 pe-

111 1011 326 1062 cuniam.
370 1011 576 1080 Oportet
590 1008 832 1078 praeterea,
858 1026 911 1062 ut
930 1009 1133 1062 Ministri
1161 1013 1295 1064 aerarii
1311 1015 1549 1087 generoso
1573 1014 1666 1066 sint

113 1089 301 1142 animo,
320 1105 476 1157 neque
494 1086 722 1139 suadeant
738 1088 935 1157 Principi
953 1087 1293 1157 parsimoniam
1310 1091 1553 1144 sordidam
1570 1139 1581 1155 ‚
1612 1094 1662 1142 δε

111 1164 291 1217 modos
307 1163 547 1236 quosdam
567 1164 850 1218 cumulandi
875 1166 1059 1218 divitias
1077 1170 1172 1236 ejus
1189 1166 1384 1238 persona
1400 1170 1631 1245 indignos
1651 1213 1664 1234 ‚

107 1260 161 1296 ut
176 1242 271 1296 alio
288 1244 336 1293 in
352 1241 465 1295 loco
479 1243 781 1294 ostendimus
796 1243 1019 1314 pluribus.

215 1327 268 1379 5.
283 1322 435 1373 Nunc
449 1337 500 1371 ut
515 1320 541 1371 a
559 1320 815 1391 cupiditate
827 1324 972 1374 etiam
990 1322 1194 1374 Ministri
1214 1324 1557 1393 praeserventur,
1577 1344 1658 1378 ca-

103 1400 319 1452 vendum
341 1438 351 1461 ‚-
368 1418 428 1449 ne
447 1418 646 1451 munera
661 1401 709 1450 ὃ(
727 1396 886 1451 officia
905 1401 1094 1470 publica
1112 1402 1293 1454 venalia
1311 1403 1426 1467 sint5
1457 1403 1505 1455 id
1521 1402 1657 1476 quod

99 1477 419 1531 Commodus
432 1480 691 1547 Imperator
705 1477 1031 1530 introduxerat
1047 1500 1058 1526 .·
1074 1498 1190 1530 nam
1206 1483 1286 1552 qui
1303 1481 1383 1533 illa
1398 1483 1654 1545 cmit,ven-

98 1555 168 1607 dit
186 1557 350 1607 etiam.
366 1558 433 1606 Ita
450 1556 619 1608 Severo
641 1557 915 1625 Imperatori
930 1556 1084 1608 visum
1103 1601 1114 1618 ‚
1130 1562 1194 1609 uti
1211 1564 1260 1609 ἅ
1276 1560 1532 1612 Ludovico
1549 1562 1657 1613 XII.

94 1637 389 1685 Francorum
407 1635 540 1706 Regi,
556 1635 637 1704 qui
652 1633 804 1684 istiioc
820 1635 1035 1684 remedio
1049 1636 1156 1685 usus
1175 1637 1238 1686 est
1253 1680 1265 1700 ,
1297 1639 1376 1688 sed
1396 1638 1519 1690 male
1535 1637 1650 1689 dein

91 1710 338 1763 observatu
347 1731 395 1761 m
411 1710 435 1761 a
452 1709 818 1762 Succefforibus.
845 1711 1330 1786 Provinciasspoliari,
1346 1720 1413 1773 Εἴ
1428 1733 1649 1766 numma-

85 1791 206 1842 rium
219 1785 436 1849 tribunal,
449 1784 615 1840 audini
630 1789 862 1859 utrimque
872 1786 1269 1850 licimtione,alteri
1278 1791 1432 1843 addici·
1447 1810 1537 1843 non
1553 1795 1649 1845 mi·

83 1885 203 1924 rum,
219 1864 406 1939 quando
425 1909 435 1926 ,
452 1884 544 1939 qua
559 1867 721 1916 emerbs
740 1863 1181 1937 ‚venderegentmm
1196 1867 1276 1935 [ω’
1292 1870 1373 1918 εΗ.
1407 1870 1649 1938 Experitur

85 1944 251 2016 aliquo
269 1942 427 1995 modo
453 1941 801 2011 damnaistliaec
829 1941 1037 1994 Castella
1054 1945 1101 1993 in
1126 1945 1563 2016 gubernationibus
1579 1950 1650 1999 ci-

87 2024 290 2076 vitatum
309 2065 321 2085 ‚
346 2022 457 2092 quia
477 2024 626 2091 pretio
645 2019 952 2075 venduntur,
980 2023 1150 2073 contra
1165 2041 1218 2074 ac
1236 2023 1535 2094 temporibus
1555 2028 1646 2078 Re-

39 2142 43 2146 .
87 2101 158 2175 gis
183 2103 381 2151 loannis
411 2097 620 2151 Secundi
640 2099 915 2151 communis
937 2098 1258 2152 consensione
1285 2101 1517 2154 statutum
1539 2103 1641 2155 fue-

89 2195 158 2230 rat
176 2223 187 2242 ,
215 2194 266 2229 ut
286 2177 432 2228 essent
450 2194 707 2247 perpetuae,
734 2177 782 2225 ἃ
803 2175 900 2228 sola
927 2178 1122 2249 Regum
1152 2180 1498 2231 nominatione
1523 2200 1644 2233 con-

90 2257 337 2309 ferrentur.

204 2338 238 2391 ,§
248 2373 258 2383 .
272 2334 477 2403 Oportet
494 2331 782 2402 praeterea‚ut
799 2330 971 2384 officiis
989 2330 1187 2406 lingulis
1201 2330 1441 2387 sufficiens
1453 2333 1649 2410 assigne-

95 2430 169 2464 tur
186 2410 423 2472 salarium,
436 2429 537 2482 quo
558 2456 569 2474 ,
597 2412 679 2482 qui
697 2411 749 2461 iis
765 2411 998 2483 fungitur,
1017 2409 1215 2462 honeste
1229 2413 1376 2464 vitam
1391 2412 1649 2466 sustentare

95 2489 249 2562 posfit.
273 2491 472 2540 Factum
492 2488 517 2540 a
543 2490 673 2562 Rege
689 2486 944 2557 Alphonso
969 2491 1128 2539 Nono
1146 2532 1158 2550 ‚
1185 2491 1269 2561 qui
1297 2494 1377 2542 sua
1408 2489 1647 2560 judicibus

98 2567 340 2637 deputavit
358 2564 612 2636 stipendia,
642 2566 935 2640 graviterque
953 2565 1284 2619 animadvertit
1312 2569 1362 2619 in
1387 2587 1496 2625 eos,
1521 2588 1645 2641 quos

87 2645 113 2698 ὲ
129 2645 335 2717 partibus
366 2662 563 2696 munera
580 2641 803 2713 accepisse
818 2643 1204 2713 deprehenderet.
1250 2646 1385 2698 Idem
1403 2648 1643 2700 mandatis

86 2723 289 2795 publicis
307 2721 554 2773 edixerunt
569 2724 603 2770 R
615 2740 721 2795 eges
735 2721 996 2785 Catholici,
1014 2721 1341 2775 Perdinandus
1356 2726 1404 2774 ὅ(
1422 2725 1637 2789 [sabella,

88 2802 263 2854 statuto
279 2802 421 2851 etiam
439 2800 618 2869 juribus
631 2800 797 2869 pretiO.

197 2881 235 2929 S
237 2878 294 2930 ed
317 2891 449 2944 caput
482 2880 546 2928 eff
568 2880 617 2929 in
645 2879 772 2929 omni
803 2872 1057 2950 Republica}
1077 2921 1087 2939 ,
1115 2888 1166 2927 ut
1189 2874 1387 2952 legibus,
1414 2884 1482 2939 ξδ’
1511 2900 1639 2935 omm

86 2953 179 3010 alia}
194 2948 686 3030 rationepiovisumfin
701 2974 757 3007 ne
773 2951 1073 3027 quafacultas
1087 2959 1279 3028 quastus
1287 2956 1490 3028 faciendi
1503 2961 1640 3012 Ma-

77 3031 638 3109 gistratibusrelinquastm·
665 3054 681 3082 :
711 3052 826 3083 nam
846 3032 927 3102 qui
945 3034 1007 3083 rei
1025 3051 1209 3100 privatae
1231 3035 1387 3087 studio
1415 3054 1601 3089 tenetur
1618 3073 1633 3092 ,

87 3114 340 3164 &lucrum
376 3112 488 3164 facit
506 3110 862 3184 ingravescente
879 3111 1078 3161 annona
1097 3155 1107 3171 ,
1136 3111 1193 3161 dc
1212 3131 1369 3165 rerum
1397 3113 1639 3168 affluentia

866 3191 883 3237 1
908 3189 920 3237 i
965 3209 982 3245 3
1503 3193 1635 3246 uber—

1681 1708 1791 1740 Senec.
1805 1706 1858 1741 lib.
1877 1721 1906 1747 ι.

1680 1768 1708 1788 c.
1724 1769 1757 1796 9.
1779 1757 1817 1790 de
1831 1756 1905 1792 ben.

1678 2107 1763 2140 Mar.
1788 2108 1873 2142 Hist.

1680 2154 1775 2203 Hisp.
1788 2157 1844 2192 lib.
1853 2170 1903 2192 η.

1678 2216 1706 2237 c.
1726 2218 1776 2248 15.

1631 2883 1638 2890 ·
1675 2877 1770 2911 Arist.
1791 2877 1847 2912 lib.
1865 2892 1899 2923 ς,

1674 2928 1827 2962 P01.c.8.
