2394 3768
482 423 603 470 '‘QQajJ
613 432 686 466 pan—

482 485 530 505 nus
542 482 702 504 mensum:-

477 533 510 555 ιι
528 520 660 563 ιυιητνμ

478 570 594 615 hastati:
616 579 665 598 7:0-

470 617 547 664 stra.
562 615 700 657 111646.

479 703 494 718 ¹¹
511 695 587 726 Otho
604 702 680 726 inte-

477 745 534 776 nm
548 771 557 785 ‚
571 752 669 775 comm

472 791 551 836 spem
562 801 700 833 omnium,

477 851 532 871 non
546 840 648 872 deliciis
663 862 671 876 ,

476 899 566 931 neque
581 884 684 931 desidia*

477 935 644 981 torpescere,
656 935 684 967 di
692 953 701 958 -

479 988 543 1019 [ατε
564 987 701 1027 volupta-

479 1043 533 1072 tes,
543 1034 704 1077 dtssemula-

479 1091 513 1115 ta
525 1084 656 1124 luxuria,
669 1081 705 1117 ἐφ’

480 1133 580 1164 cunda
596 1130 632 1163 ad
654 1130 701 1161 de-

480 1190 570 1212 corem
595 1179 708 1222 imperii

481 1226 636 1272 compofita.
655 1223 707 1258 Εὗ-

481 1289 537 1321 que
545 1278 604 1320 plus
614 1275 679 1321 for-

483 1326 594 1360 midmzss
610 1324 682 1369 affe-

483 1375 586 1408 rebant
596 1372 677 1419 falsa

485 1431 612 1458 virtutes
625 1447 633 1462 ,
649 1423 685 1459 <³7

486 1474 563 1506 vitm
577 1470 688 1505 reditu-

486 1532 532 1554 τα.
547 1520 629 1553 Tac.
647 1520 668 1557 l,
681 1531 708 1551 1.

490 1568 618 1603 Histor.

490 1653 507 1670 ⁰
521 1647 609 1681 Haud
618 1644 713 1680 mimis

490 1698 594 1740 noxie,
603 1697 714 1740 quoties

487 1746 617 1788 parando
631 1755 716 1789 regno

487 1793 654 1838 finguntur.

495 1841 603 1875 Tacit.
623 1840 717 1883 lib.4.

497 1891 615 1924 Annal.

499 1969 518 1991 *
541 1970 668 2004 Platon.

503 2207 610 2241 Taciti
628 2208 719 2242 liba.

506 2256 630 2291 Histor.

737 346 808 384 116
1086 338 1402 377 DIDACI
1488 336 1933 374 SAAVEDRAE

734 416 959 467 vitiorum
977 407 1229 479 sepulchro
1245 451 1257 470 ‚
1271 424 1369 457 tam
1385 401 1648 456 detestabili
1668 447 1678 466 ,
1704 402 1879 475 absque
1894 405 2034 455 omni
2049 403 2280 456 virtutum

735 502 1029 543 ornamento
1049 483 1336 556 ?q'uomodo
1350 483 1409 535 ab
1431 483 1624 534 interno
1641 480 1731 531 illo
1750 486 1941 534 vulnere
1960 499 2155 533 avertere
2184 500 2280 554 po-

737 581 894 618 terunt
909 562 1082 616 oculos
1100 607 1112 625 ‚
1148 560 1177 613 si
1195 560 1516 630 detractojam
1541 570 1569 590 ²²¹
1595 559 1720 620 velo,
1738 559 1825 610 sub
1843 577 1943 630 quo
1960 557 2254 611 dilitescebat
2269 602 2282 621 ‚

736 643 894 715 palam
910 641 1005 693 sese
1022 639 1141 693 illud
1161 638 1441 710 conspectui
1458 634 1643 689 offerat?
1665 635 1794 687 unde
1816 633 1955 706 porro
1969 634 2063 691 fiet,
2082 652 2134 687 ut
2152 637 2285 687 Prin-

735 740 841 792 ceps
853 720 944 772 suis
962 718 1100 770 domi
1118 717 1424 787 contemptui
1439 716 1623 767 futurus
1640 712 1691 764 fit
1711 757 1723 776 ,
1737 715 1785 764 δε
1805 712 2013 765 ludibrio
2030 741 2042 776 3
2059 715 2286 765 extraneis

735 801 846 854 vero
860 798 1102 866 suspectus
1119 798 1167 848 in
1185 794 1434 846 omnibus.
1452 793 1675 864 Vtrisque
1693 789 1814 843 certe
1831 792 1948 843 odio
1965 791 2046 842 erit
2067 836 2078 854 ,
2096 791 2285 842 nemini

737 879 868 930 enim
886 875 947 927 ab
964 874 1052 926 illo
1073 873 1236 925 licebit
1250 873 1412 924 securo
1428 868 1748 923 vivereNulla
1764 868 1851 920 alia
1865 888 1931 920 res
1949 868 2100 943 magis
2118 869 2283 921 formi=

739 954 954 1007 dandam
972 950 1126 1003 reddit
1153 951 1374 1022 Principis
1391 947 1726 1022 tyrannidem,
1752 945 1902 1018 quarn
1930 945 1961 997 si
1986 947 2286 1017 virtutesipse

740 1033 915 1106 fingat:
935 1050 988 1081 ex
1005 1048 1063 1082 eo
1079 1030 1210 1081 enim
1224 1026 1400 1080 deinde
1418 1029 1595 1096 majora
1611 1025 1893 1096 plerumque
1911 1023 2148 1095 pullulant
2167 1024 2289 1085 vitia5

741 1108 1004 1183 quomodo
1020 1108 1162 1158 multi
1177 1119 1195 1139 Ἰ
1227 1106 1484 1158 Othonem
1500 1103 1780 1154 metuebant
1801 1148 1812 1167 ‚
1833 1101 1946 1154 cum
1966 1101 2166 1154 ambiret
2191 1104 2293 1152 Im-

742 1189 940 1259 perium.
975 1185 1163 1238 Malam
1184 1185 1407 1254 Principis
1424 1200 1642 1234 naturam
1665 1225 1677 1244 ,
1705 1181 1735 1231 si
1752 1182 1947 1254 cognita
1964 1178 2015 1230 sit
2030 1224 2041 1244 ‚
2055 1179 2292 1232 declinare

741 1264 879 1319 facile
905 1265 1012 1336 quis
1026 1262 1208 1334 potest3
1236 1263 1428 1313 virtutes
1457 1259 1655 1311 falsas&
1675 1257 1914 1310 simulatas
1944 1276 2048 1308 non
2074 1259 2206 1308 item.
2239 1260 2293 1308 ln

742 1342 906 1414 apertis
924 1343 1045 1395 vitiis
1059 1340 1293 1415 fragilitati
1310 1338 1444 1390 locus
1460 1337 1537 1399 est3
1556 1337 1675 1387 fictis
1689 1337 1937 1389 virtutibus
1952 1335 2093 1386 dolus
2106 1336 2156 1384 ὅ(
2169 1335 2294 1386 fraus

744 1420 1045 1474 commisceri
1061 1420 1219 1470 solent
1235 1445 1249 1481 5
1268 1435 1424 1488 neque
1439 1414 1534 1466 hoc
1549 1412 1749 1466 fortuito
1762 1411 1921 1466 solum
1935 1413 1984 1463 &
2002 1413 2126 1476 casu,
2141 1411 2222 1464 sed
2237 1410 2294 1464 ad

744 1497 902 1551 malos
929 1496 1208 1568 plerumque
1223 1493 1366 1550 fines,
1401 1511 1543 1566 atque
1557 1490 1678 1543 adeo
1696 1490 1849 1565 magis
1876 1491 2027 1543 noxiae
2051 1491 2140 1542 illae
2154 1490 2265 1541 sunt
2285 1533 2298 1553 ,

745 1575 897 1650 quam
911 1575 1008 1645 ipsa
1024 1575 1135 1628 vitia
1154 1617 1166 1636 ,
1194 1571 1625 1646 quemadmodum
1654 1572 1706 1621 in
1728 1582 1742 1603 ⁰
1768 1570 1940 1637 Sejano
1966 1568 2151 1620 notavit
2166 1568 2301 1620 Taci-

747 1671 836 1707 tus.
857 1654 875 1674 *
892 1651 1104 1705 &trema
1118 1653 1183 1704 eff
1192 1648 1463 1727 perversitas
1478 1691 1490 1711 ,
1501 1645 1605 1700 citm
1622 1642 1988 1721 prorfusjustitid
2003 1664 2158 1712 vaces,
2172 1643 2238 1697 ad
2249 1642 2302 1699 id

747 1734 851 1796 niti,
864 1743 916 1782 ut
932 1728 1164 1783 virbonus
1177 1725 1255 1799 effi’
1271 1726 1496 1780 videam.
1519 1723 1639 1776 Labi
1652 1726 1702 1775 in
1721 1740 1935 1794 apertum
1951 1723 2100 1776 scelus
2115 1769 2128 1788 ,
2144 1723 2302 1777 imbe-

753 1810 921 1863 cillitas
944 1807 1167 1879 quaedam
1185 1805 1249 1857 est
1265 1832 1278 1867 5
1293 1805 1484 1857 virtutes
1501 1799 1714 1853 simulare
1732 1846 1744 1865 ‚
1775 1819 1901 1853 mera
1932 1800 2127 1854 malitia.
2170 1802 2300 1854 Vitia

751 1887 842 1940 alia
853 1883 1034 1939 facilius
1048 1884 1206 1936 ferunt
1219 1881 1460 1944 homines3
1481 1897 1524 1931 at
1542 1877 1808 1952 liypocrifin
1829 1878 2176 1931 abominantur
2191 1898 2302 1931 orn-

754 1983 838 2016 nes
861 1980 997 2014 :nam
1011 1960 1100 2013 illis
1114 1958 1434 2028 nosmetipsos
1451 1956 1610 2008 solum
1625 1957 1905 2026 decipimus,
1923 1954 2009 2009 hac
2028 1954 2139 2010 vero
2154 1957 2299 2009 etiam

755 2042 890 2095 alios.
909 2038 1049 2104 Qid
1070 2044 1083 2089 ἓ
1103 2036 1235 2109 quod
1254 2039 1466 2088 aetiones
1483 2037 1626 2086 etiam
1639 2033 1782 2085 bonae
1795 2035 2050 2085 contemni
2068 2033 2253 2098 solent,
2267 2032 2299 2085 fi

755 2119 816 2171 ab
829 2135 940 2173 arte,
955 2135 1058 2167 non
1074 2115 1097 2167 a
1115 2116 1281 2169 virtute
1298 2130 1460 2164 ortum
1473 2110 1832 2165 ducant.Multa
1846 2111 2048 2165 faciebat
2060 2112 2298 2168 Vitellius,

756 2213 809 2248 ut
825 2195 1024 2269 gratiam
1039 2193 1352 2262 favoremque
1366 2190 1529 2261 populi
1545 2205 1869 2259 aucuparetur,
1891 2188 1968 2240 sed
1985 2204 2209 2264 quagrata
2223 2189 2301 2256 stt-

756 2271 812 2326 ηὲ
837 2269 1027 2324 fuiffent
1044 2275 1111 2329 εἴ
1120 2267 1370 2345 popularia,
1372 2267 1417 2342 fi
1428 2269 1458 2321 d
1471 2263 1724 2321 virtutibus
1731 2263 2111 2341 proficfierentum
2124 2286 2301 2319 memo·

755 2348 825 2406 rid
841 2350 1130 2426 vitaepriorv's,
1144 2349 1194 2398 ὃς
1211 2347 1322 2418 quia
1341 2365 1492 2398 nemo
1510 2363 1615 2396 non
1631 2343 1842 2398 videbat,
1856 2343 1966 2397 fieta
1981 2363 2033 2396 ea
2048 2344 2151 2408 esse,
2169 2344 2300 2397 inde·

757 2447 850 2481 com
865 2431 930 2486 &⁷
946 2424 1068 2479 vilia
1079 2421 1420 2500 accipiebantur.
1448 2427 1504 2474 Et
1517 2422 1675 2494 quaeso
1690 2457 1706 2477 2
1725 2422 1801 2473 cui
1816 2421 1955 2474 bono
1969 2425 2189 2475 virtutem
2208 2421 2302 2474 fin-

760 2525 867 2580 gere
883 2549 894 2568 ,
924 2504 953 2557 fi
971 2503 1139 2556 eadem
1172 2501 1353 2554 solertia
1368 2520 1508 2574 atque
1525 2499 1750 2552 industria
1762 2499 1818 2550 ad
1833 2519 1939 2551 eam
1958 2519 2058 2551 rem
2073 2519 2193 2571 opus
2208 2500 2271 2553 est
2288 2546 2301 2565 ,

760 2600 905 2655 atque
925 2582 983 2634 ad
1002 2583 1192 2635 virtutes
1208 2597 1332 2633 veras
1349 2581 1399 2631 &
1414 2578 1588 2630 solidas
1606 2585 1619 2627 ?
1635 2577 1665 2628 fi
1681 2578 1749 2629 hae
1772 2578 1877 2648 ipsae
1904 2578 1971 2630 ob
1987 2596 2180 2629 morum
2198 2596 2303 2650 pta-

761 2662 957 2716 vitatem
990 2660 1063 2712 vix
1091 2657 1275 2710 roboris
1296 2657 1473 2710 habent
1499 2655 1605 2707 satis
1632 2675 1686 2707 ac
1704 2657 1869 2709 virium
1883 2690 1896 2710 2
1925 2656 2007 2727 qui
2026 2654 2146 2707 fictae
2159 2654 2303 2708 subsi-

763 2739 886 2791 stent
902 2735 1273 2789 &umbratiles?
1292 2738 1410 2786 Non
1428 2738 1534 2786 Deo
1547 2752 1782 2785 coronam
1803 2777 1814 2795 ,
1837 2733 2027 2805 ejusque
2051 2734 2301 2785 conserva-

762 2815 951 2868 tionem
970 2830 1214 2884 acceptam
1232 2813 1382 2876 refert,
1401 2830 1491 2863 nec
1507 2811 1691 2881 praemia
1708 2829 1820 2861 curn
1844 2856 1856 2875 ‚
1870 2828 1948 2863 aut
1966 2809 2186 2882 supplicia
2202 2828 2300 2863 cre-

765 2892 835 2943 dit
852 2891 1120 2955 decernere,
1141 2890 1353 2963 quisquis
1372 2889 1439 2941 his
1455 2888 1630 2940 artibus
1644 2887 1818 2958 potiu5‚
1833 2889 1979 2961 quam
1995 2887 2163 2939 divinae
2177 2906 2301 2940 con-

765 2968 870 3020 fidit
885 2967 1204 3039 providentiae.
1235 2970 1279 3018 Si
1298 2968 1405 3020 vitia
1425 2967 1644 3036 Principis
1659 2964 2058 3020 abimbecillitate
2079 3009 2091 3029 ,
2121 2982 2225 3015 non
2243 2964 2303 3017 ab

767 3043 1073 3099 affectatione
1088 3044 1252 3099 essent,
1267 3043 1447 3098 facilius
1462 3044 1632 3095 secreta
1648 3061 1699 3094 ea
1714 3042 1873 3096 haberi
1891 3059 2079 3114 paterer,
2093 3059 2153 3093 ne
2170 3042 2304 3094 malo

766 3123 987 3196 exemplo
999 3121 1112 3175 fint:
1133 3142 1247 3175 nam
1261 3122 1373 3176 ideo
1388 3140 1437 3174 ea
1452 3120 1693 3173 occultare
1711 3165 1723 3185 ,
1738 3119 1989 3193 hypocrisis
2003 3119 2177 3174 censeri
2197 3139 2302 3172 non

2146 3195 2304 3264 debet,
