2394 3768
506 943 591 974 Mar.
606 940 676 973 hist.

507 988 720 1035 Hispiibm.

503 1051 529 1070 c.
550 1041 579 1071 8.

772 337 849 376 126
1137 332 1441 372 DIDAC1
1500 333 1959 374 SAAVEDRAE

770 402 886 457 ceffe
901 402 980 454 est.
998 403 1066 453 Ita
1078 399 1182 452 illas
1198 399 1388 452 tradidit
1400 399 1604 452 Carolus
1624 403 1684 452 V.
1701 404 1960 472 Imperator
1977 448 1988 467 ‚
2003 403 2124 455 dum
2142 420 2214 454 eas
2231 400 2313 454 ad-

766 481 862 532 huc
891 477 1115 548 superstes
1134 477 1351 549 Philippo
1368 481 1386 529 I
1403 481 1437 530 1.
1450 477 1569 529 Pilio
1583 479 1670 530 suo
1685 478 1869 531 detulit.
1900 483 1956 531 Et
1971 479 2155 533 tametsi
2178 498 2313 532 non-

765 556 1019 608 nullorum
1048 555 1269 610 acciderit
1286 555 1493 618 malitia,
1519 555 1653 628 quod
1671 556 1824 608 finem
1853 558 2068 610 curriculi
2093 557 2311 628 suiexpe-

764 638 889 685 <stare
904 633 1130 696 noluerit,
1144 651 1204 685 ne
1219 633 1342 686 forte
1355 634 1487 685 venti
1504 635 1726 686 contrarii
1743 672 1756 697 2
1772 653 1896 705 quos
1908 635 2006 704 jam
2024 633 2313 702 tum-adver-

764 712 808 763 sa
826 714 1033 781 Fortuna
1050 710 1328 774 concitarat,
1344 730 1420 761 eas
1435 727 1515 762 aut
1532 712 1748 765 omnino
1763 712 2108 785 extinguerent,
2126 728 2207 764 aut
2222 709 2313 764 sal-

762 805 862 840 tem
881 789 1187 842 obscurarent
1203 816 1216 851 5
1233 789 1300 840 uti
1313 787 1468 840 fecisse
1483 805 1759 842 memorant
1784 788 2089 860 Alphonsum
2118 792 2190 841 11.
2215 790 2311 841 Re·

759 886 875 940 gem
891 867 1273 937 Neapolitanum
1290 901 1306 922 ,
1334 864 1551 938 quicum
1577 869 1697 941 Regi
1713 867 1914 919 Franciae
1941 867 2120 920 Carolo
2144 867 2311 919 VIII.

759 943 1015 999 refistendo
1048 963 1154 995 non
1172 942 1308 1008 esset,
1327 947 1585 996 Coronam
1613 945 1664 996 in
1679 944 1852 998 Filium
1882 945 2025 997 suum
2053 942 2310 998 Ferdinan-

757 1022 880 1074 dum
897 1021 1127 1075 Calabriae
1145 1026 1336 1074 Ducem
1354 1020 1616 1075 transtulit:
1634 1021 1756 1075 illud
1784 1041 1950 1074 tamen
1979 1039 2162 1076 certum
2181 1064 2194 1084 ,
2224 1039 2310 1074 vo-

756 1097 890 1151 luisse
916 1099 1075 1170 ipsum
1100 1098 1310 1170 tempori
1328 1119 1434 1152 eam
1465 1102 1570 1151 Deo
1588 1099 1849 1164 restituere,
1872 1098 2155 1173 sesequeoad
2169 1097 2310 1152 aliam

756 1177 1008 1247 disponere
1023 1196 1277 1241 coronam,
1292 1196 1397 1229 non
1415 1179 1769 1248 temporariam,
1788 1179 1814 1229 s
1810 1177 1868 1229 ed
1881 1175 2314 1250 aeternam,qu?1se-

756 1256 854 1307 mel
871 1253 1072 1307 obtenta
1082 1256 1170 1311 frui
1184 1256 1293 1309 licet
1310 1255 1475 1307 securo
1492 1256 1553 1307 ab
1566 1258 1708 1308 omni
1725 1273 1877 1321 metu,
1894 1275 1957 1308 ne
1974 1255 2033 1308 ad
2049 1257 2137 1309 alia
2157 1254 2310 1326 capita

753 1332 971 1387 transeat.

2121 3032 2296 3086 SYM-
