2394 3768
1111 147 1131 173 l

51 333 54 342 .
447 274 847 318 SYMBOLA
914 278 1337 327 pOLlTICA.
1579 300 1660 340 251

104 373 108 377 ·
136 346 183 396 &
203 342 1112 424 ficu‘fimperpraeffimitfivaperturbas'a
1125 352 1485 424 conscientia‚ita
1499 351 1670 406 eadem
1703 374 1775 416 sap.
1806 383 1856 414 η.
1873 367 1927 406 12?

136 438 311 477 exercet
325 438 522 494 quoque
540 424 589 474 in
610 423 741 477 alios.
778 429 975 484 Funefla
993 448 1157 483 tamen
1187 433 1530 499 Tyrannorum
1561 449 1675 482 om?

135 502 270 553 nium
286 500 501 570 exempla
516 500 710 553 abunde
726 503 907 559 docent
919 547 934 571 ,
948 509 1100 581 quam
1119 505 1337 558 medium
1365 507 1487 560 illud
1508 526 1674 578 parurn

133 578 413 630 diuturnum
433 575 499 629 fit.
546 579 751 632 Tametsi
782 582 891 636 vero
909 604 987 656 per
1012 583 1188 636 multas
1216 600 1373 635 aetates
1400 584 1508 637 solo
1542 583 1675 656 pane

132 671 263 707 metu
283 655 618 708 conservatum
636 656 842 712 vidimus
871 664 1129 733 Imperium
1157 661 1418 713 Turcicum
1441 705 1454 725 ,
1471 663 1675 714 Mosco·

131 734 330 787 vitarum
349 733 424 796 ,δε
440 737 742 786 Tartarorum
759 770 776 790 ‚
794 740 843 788 in
869 740 1284 810 comparationem
1318 753 1483 791 tamen
1513 738 1676 792 venire

130 829 234 863 non
265 809 445 863 debent
488 813 725 864 Nationes
756 813 849 866 istae
890 818 1194 869 immanitate
1223 815 1425 867 barbarae
1451 852 1466 878 ,
1493 814 1544 866 δε
1571 831 1673 867 tam

129 887 291 954 asperis
309 888 526 942 moribus
542 891 622 952 ,ut
640 889 910 947 belluinam
927 893 1083 965 potius
1099 911 1187 963 prae
1202 892 1247 944 se
1263 891 1416 944 ferant
1435 909 1672 956 naturam,

127 965 273 1038 quarn
288 965 557 1019 humanam
581 968 779 1039 :quippe
795 988 899 1042 quae
927 972 1084 1040 poenis
1106 968 1256 1043 magis
1272 1014 1285 1033 ,
1311 970 1458 1043 quarn
1486 970 1670 1022 ratione

126 1044 237 1097 duci
255 1042 442 1097 soleant
455 1070 468 1107 3
483 1044 805 1116 quamobrem
823 1048 1002 1121 absque
1013 1047 1098 1100 illis
1113 1050 1314 1100 coerceri
1328 1066 1432 1099 non
1452 1045 1660 1119 possent,

124 1120 344 1175 ficutnec
370 1120 547 1194 absque
565 1123 608 1175 vi
637 1123 856 1195 aliqua&
886 1142 1019 1178 metu
1041 1125 1230 1176 domari
1258 1122 1451 1195 possunt
1481 1124 1665 1178 belluae.

121 1200 470 1252 Verumtamen
488 1200 637 1251 animi
653 1201 868 1275 generosi
885 1204 943 1256 ad
960 1201 1287 1256 obedientiam
1302 1204 1353 1254 ὃς
1383 1201 1667 1255 fidelitatem

121 1277 165 1330 vi
184 1293 264 1330 aut
291 1274 452 1329 fraude
469 1278 577 1349 cogi
594 1277 639 1329 se
671 1296 776 1331 non
795 1279 957 1333 [inunt
975 1325 989 1344 ,
1016 1278 1095 1333 sed
1119 1279 1377 1332 finceritate
1402 1281 1450 1331 δε
1482 1281 1667 1333 ratione

119 1353 283 1407 induci
301 1353 488 1407 volunt.
517 1353 570 1405 E
572 1360 825 1431 porque(ait
842 1361 939 1410 Rex
961 1357 1187 1428 Alphons
1182 1375 1235 1408 us
1248 1354 1448 1428 sapiens)
1464 1353 1536 1408 las
1550 1374 1667 1408 nue-

108 1432 229 1503 stras
254 1432 426 1485 Gentes
447 1431 527 1502 son
541 1429 673 1484 leales
687 1465 702 1487 ,
718 1432 811 1486 ede
821 1433 1009 1510 gmndes
1024 1451 1262 1488 commones
1284 1455 1299 1485 :
1309 1434 1464 1509 porefi)
1490 1452 1552 1485 an
1563 1450 1663 1483 me·

115 1509 280 1584 nester,
291 1527 378 1584 que
389 1505 436 1560 la
448 1506 698 1578 Lealtadse
713 1524 960 1586 mantenga
973 1529 1056 1564 con
1083 1511 1137 1566 V
1130 1509 1274 1562 erdad
1286 1555 1299 1576 ‚
1317 1529 1341 1562 e
1353 1507 1401 1563 la
1417 1505 1664 1563 Formleaea

114 1588 171 1637 de
182 1587 253 1638 las
264 1582 539 1638 voluntades
553 1604 632 1636 con
647 1585 856 1640 DerecLo
870 1623 885 1644 ‚
902 1607 926 1640 e
937 1607 1017 1640 con
1035 1587 1233 1661 Iusticia.

223 1667 276 1720 5.
319 1662 449 1713 Solet
494 1662 759 1731 Principem
790 1667 911 1716 inter
938 1664 984 1714 ὃ(
1028 1662 1258 1716 Subditos
1281 1661 1371 1716 effe
1405 1661 1661 1716 inclinatio

111 1740 336 1812 quaedam
350 1783 363 1805 ,
382 1740 433 1789 δι
451 1737 707 1792 consensio
722 1737 950 1792 naturalis
964 1755 1095 1811 ,quae
1113 1739 1374 1792 amabilem
1387 1740 1528 1791 illum
1551 1738 1660 1791 red-

113 1820 201 1882 dit,
216 1815 394 1891 absque
408 1835 468 1869 eo
485 1814 620 1889 quod
637 1815 722 1870 alia
736 1815 985 1891 diligentia
999 1833 1124 1887 opus
1150 1813 1201 1866 sit
1219 1837 1232 1866 ε
1277 1814 1333 1867 fit
1363 1817 1499 1868 enim
1530 1833 1661 1867 non-

113 1904 468 1968 nunquam,ut
485 1909 667 1947 ametur
680 1895 826 1949 etiam
856 1895 1104 1962 Princep5‚
1134 1891 1217 1965 qui
1234 1890 1410 1947 odium
1440 1893 1660 1946 mereba-

112 1991 186 2028 tur
204 1975 283 2048 ,βε
300 1972 483 2027 contra.
521 1973 578 2024 Et
591 1970 700 2025 licet
721 1970 875 2044 seipsis
888 1971 1027 2026 facile
1044 1971 1114 2023 sui
1138 1988 1360 2023 amorem
1389 1968 1658 2024 concilient

113 2053 292 2105 eximiae
304 2067 411 2103 tum
425 2050 603 2114 animi,
619 2066 726 2103 tum
740 2051 949 2121 corporis
965 2049 1161 2103 virtutes
1175 2067 1228 2102 ac
1240 2048 1381 2101 dotes
1397 2075 1413 2112 ς,
1426 2047 1472 2100 id
1494 2063 1659 2100 tamen

113 2149 217 2183 non
234 2134 413 2199 semper
426 2124 639 2199 praestant
658 2172 670 2191 ,
697 2127 782 2181 nisi
798 2145 873 2180 eas
897 2128 1154 2180 comitetur
1184 2142 1313 2200 grata
1330 2124 1552 2198 quaedam
1578 2125 1659 2178 be-

114 2208 324 2282 nignitas
337 2250 350 2269 ‚
363 2209 404 2256 ἂ
429 2206 627 2259 suavitas
638 2207 732 2259 oris
745 2205 961 2262 exterior,
981 2222 1085 2276 quae
1103 2222 1221 2254 mox
1235 2221 1314 2275 per
1328 2206 1455 2274 ipsos
1467 2201 1661 2267 ocu103,

113 2287 242 2338 velut
269 2283 418 2336 animi
446 2283 666 2336 fenestras
685 2327 699 2348 ,
730 2282 1042 2354 praestantiam
1069 2281 1348 2333 interiorem
1382 2279 1505 2332 for'as
1530 2279 1660 2333 exhi-2

115 2362 251 2426 beat,
280 2362 330 2412 ὃ(
356 2357 588 2412 affeetum
616 2359 820 2413 aliorum
850 2359 1028 2412 blande
1057 2358 1139 2412 sibi
1171 2357 1432 2412 devinciat.
1477 2359 1657 2410 Praeter-

113 2436 405 2511 quamquod
424 2436 558 2490 facile
571 2437 754 2490 accidat
770 2481 782 2499 ‚
799 2452 852 2489 ut
880 2452 960 2489 aut
989 2436 1124 2489 casus
1147 2437 1319 2509 aliquis
1336 2479 1348 2497 ,
1364 2452 1516 2507 quem
1540 2454 1655 2503 prae-s

115 2534 286 2569 vertere
300 2533 405 2567 non
422 2512 555 2567 licuit
574 2559 587 2580 ‚
602 2531 680 2567 aut
696 2513 870 2566 sinistra
885 2514 1044 2587 aliqua
1061 2512 1375 2583 apprehensio
1391 2515 1485 2564 hoc
1501 2514 1658 2586 gratiae

114 2593 356 2664 &amoris
372 2591 624 2645 vinculum
651 2593 774 2644 inter
801 2591 1129 2662 Principem&
1156 2589 1375 2643 subditos
1404 2590 1466 2641 ita
1496 2588 1657 2641 dissol-

111 2688 188 2726 vat
206 2716 218 2736 ,
234 2687 286 2724 ut
301 2673 471 2723 iterum
487 2668 747 2723 coalescere
759 2667 935 2721 deinde
955 2686 1217 2740 nunquam
1243 2666 1394 2736 poffit.
1435 2665 1659 2720 Multum

110 2767 274 2803 tamen
293 2746 406 2801 eain
423 2766 469 2800 re
494 2749 664 2817 poterit
685 2745 934 2800 artificium
949 2748 999 2798 δε
1027 2744 1257 2797 industria
1272 2744 1357 2796 rite
1382 2744 1660 2819 gubernan-

107 2827 153 2880 di
171 2873 183 2892 ,
203 2846 318 2881 cum
334 2825 652 2878 satisfactione
667 2826 718 2877 ὃς
733 2824 945 2900 Vulgi&
960 2823 1252 2876 Nobilitatis
1264 2857 1279 2879 ,
1293 2821 1324 2874 fi
1346 2824 1564 2893 Princeps
1579 2824 1657 2874 ni-

104 2907 284 2958 mirum
299 2923 422 2956 omn
431 2922 476 2955 es
494 2920 651 2956 caveat
660 2901 939 2956 occasiones
959 2945 972 2968 ,
990 2921 1095 2975 quae
1114 2901 1284 2953 irritare
1299 2899 1440 2953 illum
1453 2916 1651 2972 queant,

101 2985 149 3035 δε
169 2983 291 3037 ficin
305 2981 539 3035 omnibus
559 2997 666 3055 agat
681 3025 693 3045 ,
711 2996 765 3032 ut
781 2980 916 3034 bona
931 2985 990 3033 de
1003 2981 1241 3055 regimine
1270 2976 1410 3050 ipsius
1441 2979 1659 3030 nascatur

99 3063 286 3132 opinio.
326 3061 457 3124 Quia
482 3057 594 3111 vero
616 3056 806 3129 sparsim
836 3060 889 3111 in
919 3059 1015 3111 hoc
1047 3058 1174 3110 libro
1204 3056 1455 3111 traduntur
1483 3055 1660 3118 media,

1486 3134 1663 3206 quibus
