2394 3768
487 1197 499 1212 e
515 1181 700 1232 Tibisummi‘c‘

485 1248 579 1270 verum
601 1230 706 1278 judan?

484 1281 656 1326 Dirdmibre,

486 1336 560 1368 nobis
586 1332 708 1377 obsequii

483 1387 579 1427 gloria
589 1382 688 1414 reluta

488 1434 538 1464 es'l.
558 1433 628 1463 Tac
644 1430 706 1466 l.6,

490 1480 604 1514 Auual.

499 2115 511 2138 s
531 2119 566 2144 [t
578 2112 645 2144 tulit
655 2113 717 2140 Da-

500 2162 547 2193 ιίά
557 2161 671 2204 Jiaenum

498 2210 612 2241 tribum.

501 2269 528 2290 2.
546 2259 630 2301 ch.
646 2256 674 2287 S.
692 2265 715 2285 1.

505 2715 634 2751 Concil.
650 2719 723 2750 To-

506 2769 559 2800 let.
579 2767 678 2800 XIII.

726 354 810 401 494
1048 332 1900 376 DIDACISAAVEDRAE

729 409 869 464 fuerit
887 422 1028 456 :nam
1043 402 1127 455 ubi
1145 401 1203 454 de
1216 400 1265 454 eci
1280 443 1291 463 ,
1305 402 1354 451 ὃ(
1370 399 1538 452 Iustitia
1554 399 1715 453 cauffae
1733 401 1991 453 constiterit
2013 447 2025 464 ,
2042 400 2180 454 facile
2204 402 2255 454 in

730 502 856 538 onus
883 479 1083 552 aliquod
1112 478 1534 530 extraordinarium
1562 477 1803 529 consentit
1821 478 2024 546 populus
2052 518 2065 540 ,
2095 480 2160 529 uti
2186 479 2259 530 fa-

733 565 869 612 <stum
885 558 1093 612 vidimus
1114 558 1164 608 in
1180 556 1233 607 iis
1249 591 1264 611 ,
1298 574 1402 626 quae
1418 555 1634 625 poposcit
1652 557 1749 606 Rex
1764 553 2085 605 Ferdinandus
2100 556 2121 579 s
2158 573 2256 606 uar-

732 655 807 691 tus
823 680 835 700 ‚
848 636 968 687 &in
984 633 1285 687 conceffione
1303 633 1470 705 integri
1487 632 1612 684 illius
1633 631 1868 682 millionis
1883 675 1894 694 ,
1910 650 2059 702 quem
2078 631 2259 683 Comi-

734 716 796 768 tia
807 712 1048 765 Toletana
1066 709 1362 780 temporibus
1378 711 1518 782 Regis
1534 710 1727 761 Henrici
1740 708 1885 758 Tertii
1901 709 2070 777 sponte
2087 707 2256 781 elargi-

734 810 782 847 ta
796 791 1010 852 fuerant,
1042 785 1370 858 permittendo
1388 788 1577 857 insuper
1595 830 1606 848 ,
1635 803 1687 837 ut
1711 785 1740 836 si
1770 785 1828 837 ad
1857 784 2256 837 continuandum

734 868 924 924 bellurn
950 881 1119 919 contra
1138 868 1334 916 Mauros
1361 863 1408 914 id
1439 882 1544 915 non
1573 861 1802 915 sufficeret
1819 908 1830 926 ‚
1868 863 2093 914 Comitiis
2111 862 2257 914 etiam

734 966 842 1001 non
856 942 1079 1018 requisitis
1095 941 1224 1012 plura
1242 939 1381 1011 porro
1398 942 1705 1015 exigerentur.
1723 938 1928 992 Tametsl
1944 940 2076 991 enim
2095 938 2153 991 ad
2169 939 2257 1009 pri-

736 1042 870 1080 vatos
885 1022 1090 1074 minime
1103 1018 1327 1089 pertineat
1345 1018 1631 1071 tributorum
1647 1018 1874 1069 Iustitiam
1893 1018 2157 1068 examinare
2170 1050 2184 1071 ‚
2204 1017 2256 1066 &

735 1101 816 1173 ipsi
834 1101 947 1170 saepe
962 1097 1285 1166 impensarum
1303 1094 1475 1148 caussas
1490 1114 1648 1165 capere
1663 1111 1922 1166 nequeant,
1939 1114 2094 1166 neque
2106 1095 2250 1145 etiarn

737 1180 915 1249 absque
940 1175 1144 1227 evidenti
1171 1172 1457 1225 secretorum
1473 1172 1750 1243 periculoiis
1765 1172 1855 1222 istae
1869 1183 1883 1202 ‘³
1902 1171 2254 1224 communicari

739 1255 913 1328 possint
931 1296 943 1317 ‚
976 1253 1156 1320 semper
1180 1265 1346 1302 tamen
1371 1251 1576 1302 rationes
1603 1248 1823 1321 quaedam
1850 1249 1959 1301 sunt
1980 1247 2216 1320 generales
2232 1281 2249 1303 ‚

741 1352 857 1407 quas
874 1330 971 1382 fine
994 1326 1324 1380 incommodo
1351 1328 1403 1379 iis
1427 1345 1690 1398 proponere
1708 1327 1879 1378 licebit.
1916 1325 2256 1378 Etlicettribu-

741 1428 788 1464 ta
803 1405 1092 1481 imponendi
1109 1405 1306 1457 facultas
1321 1424 1464 1476 penes
1478 1405 1748 1475 supremam
1764 1403 1816 1455 sit
1831 1403 2110 1473 potestatem
2126 1437 2141 1458 ‚
2179 1402 2256 1455 cui

743 1490 863 1542 ratio
878 1484 1100 1538 naturalis
1114 1502 1170 1535 ac
1183 1481 1345 1535 divina
1360 1480 1673 1555 suffragantur
1690 1525 1702 1544 ,
1728 1500 1818 1534 nec
1835 1480 1866 1531 fi
1880 1480 1990 1533 alias
2005 1500 2136 1552 aequa
2149 1480 2257 1542 sint,

741 1568 792 1618 &
822 1562 1094 1626 necessaria,
1127 1558 1430 1613 subditorum
1459 1559 1697 1612 consensu
1726 1558 1784 1610 ad
1815 1579 1868 1610 ea
1891 1578 2012 1628 opus
2041 1560 2254 1609 iitznam

749 1648 837 1714 (ut
850 1641 965 1694 dixit
978 1643 1078 1691 Rex
1106 1636 1380 1707 Alphonsus
1398 1638 1620 1707 Sapiens)
1644 1635 1689 1687 el
1695 1638 1797 1709 Repe
1819 1635 1964 1710 puede
1975 1633 2257 1698 demandar,

747 1741 772 1773 e
784 1735 936 1773 tomar
945 1716 999 1769 al
1027 1718 1180 1791 Reyno
1191 1712 1232 1765 lo
1246 1734 1334 1788 que
1348 1714 1504 1785 asaron
1516 1712 1578 1764 los
1601 1727 1712 1764 οἰνος
1726 1715 1874 1780 Reyes
1889 1758 1901 1777 ‚
1943 1732 1966 1763 e
1980 1732 2072 1765 mm
2086 1730 2189 1763 mas
2201 1731 2257 1763 en

743 1797 1017 1862 lasfhzones
1033 1827 1047 1847 ,
1085 1811 1172 1865 que
1183 1789 1224 1841 lo
1238 1793 1395 1843 uviere
1409 1808 1464 1840 en
1477 1809 1590 1861 gran
1601 1791 1844 1852 menester,
1874 1804 1983 1864 para
1999 1803 2077 1863 pro
2100 1807 2257 1840 comu-

744 1872 893 1926 nalde
905 1870 951 1922 la
965 1872 1167 1930 herrat-‚5
1197 1866 1437 1935 prudentis
1453 1882 1616 1916 tamen
1649 1867 1870 1935 Principis
1887 1868 1968 1917 erit
1985 1910 1996 1928 ,
2023 1866 2085 1917 ita
2103 1864 2260 1918 dextre

746 1948 1128 2001 reminstituere‚
1165 1945 1214 1993 ὃ(
1248 1942 1309 1995 sic
1333 1941 1581 2011 disponere
1609 1942 1910 1994 subditorum
1940 1945 2129 1994 animos
2148 1986 2160 2005 ,
2199 1961 2261 1994 ne

748 2029 815 2079 vis
831 2024 1038 2079 videatur
1058 2039 1241 2090 :neque
1258 2020 1389 2070 enim
1406 2037 1557 2069 omne
1574 2019 1621 2069 id
1636 2063 1647 2082 ‚
1674 2019 1808 2089 quod
1831 2020 2048 2071 absolute
2063 2018 2155 2070 fieri
2176 2039 2264 2089 po·

748 2103 832 2156 test
852 2142 866 2164 ,
898 2101 1077 2170 semper
1095 2098 1259 2167 exequi
1279 2097 1522 2149 convenit.
1544 2095 1798 2146 Tributum
1818 2096 1898 2165 (sic
1914 2096 2176 2167 Scripturas
2190 2096 2265 2147 lo·

751 2181 911 2252 quitur
938 2179 954 2246 )
995 2174 1160 2246 populi
1175 2175 1378 2225 fraenum
1395 2172 1458 2223 est
1481 2199 1494 2234 5
1533 2171 1845 2224 isthocillein
1863 2173 2146 2225 obedientiae
2159 2172 2266 2225 offi-

754 2260 828 2310 cio
843 2254 1118 2308 continetur
1134 2296 1146 2315 ‚
1179 2252 1394 2320 Princeps
1407 2250 1516 2302 vero
1531 2249 1587 2301 ad
1615 2268 1727 2300 eum
1747 2250 2083 2324 corrigendum
2097 2268 2268 2322 poten-

752 2337 843 2388 tior
873 2332 927 2384 fit
951 2375 964 2394 ‚
1004 2332 1052 2381 &
1071 2346 1237 2381 contra
1255 2329 1457 2380 nimiam
1489 2331 1585 2397 ejus
1604 2327 1868 2379 libertatem
1887 2328 2002 2380 vires
2018 2326 2100 2381 sibi
2130 2348 2270 2381 com-

750 2428 878 2484 parat
905 2432 914 2459 :
945 2407 1161 2460 subditos
1177 2407 1308 2457 enim
1328 2405 1386 2457 ab
1399 2407 1537 2456 omni
1553 2423 1698 2456 onere
1720 2408 1964 2456 immunes
1982 2424 2131 2457 nemo
2145 2406 2269 2459 rerste‘:

750 2485 1095 2564 gubernaverit.
1137 2482 1317 2535 Verum
1333 2484 1533 2534 fraenum
1560 2481 1682 2534 illud
1699 2498 1797 2533 tam
1824 2482 1960 2536 suave
1977 2480 2029 2534 sit
2051 2499 2268 2553 oportet,

752 2584 805 2619 ut
822 2583 927 2616 non
945 2562 1191 2614 obstinent
1210 2563 1432 2612 animum
1463 2604 1475 2623 ,
1517 2561 1565 2610 &
1585 2558 1827 2611 mordicus
1845 2578 1904 2610 eo
1921 2560 2270 2631 comprehenso

753 2642 1040 2714 praecipitent
1073 2665 1088 2701 5
1133 2638 1557 2711 quemadmodum
1590 2635 1941 2707 prudentissime
1967 2637 2015 2688 id
2046 2636 2270 2708 expendit

753 2725 853 2772 Rex
882 2718 1062 2771 Flavius
1080 2717 1344 2789 l-lerwigius
1369 2719 1420 2766 in
1450 2714 1683 2765 Concilio
1707 2713 1951 2765 Toletano
1978 2717 2128 2766 X111.
2155 2717 2268 2766 cum

756 2798 929 2850 diceret
945 2840 956 2857 ‚
983 2811 1101 2846 tunc
1126 2795 1528 2865 gubernationem
1544 2792 1782 2858 optimam
1796 2791 1895 2842 fore
1914 2834 1928 2854 ,
1950 2790 2268 2862 stnecincau-

751 2890 799 2926 ta
814 2874 990 2926 exadi‘io
998 2869 1178 2945 populos
1199 2881 1367 2943 grava
1382 2914 1393 2933 ,
1405 2888 1484 2920 nec
1500 2867 1730 2939 indiscreta
1742 2867 1928 2940 remzssio
1941 2870 2138 2921 Statum
2153 2886 2265 2941 gen·

749 2952 972 3024 tbsfaciazt
987 2947 1239 3021 deperire).

867 3026 1125 3095 imperium
1142 3027 1191 3075 in
1207 3025 1351 3078 vitam
1369 3023 1546 3093 absque
1576 3020 1783 3091 periculo
1797 3038 2029 3074 exercetur
2043 3055 2057 3075 ‚
2086 3019 2193 3093 quia
2209 3037 2264 3070 ex

751 3104 852 3178 lege
883 3102 935 3155 fit
959 3137 974 3158 ,
1015 3119 1118 3173 quae
1150 3101 1341 3175 castigat
1363 3119 1539 3172 paucos
1569 3099 1627 3151 ad
1657 3100 1930 3171 exemplum
1965 3115 2266 3158 caeterorum3

2217 3189 2264 3224 at
