2394 3768
453 344 850 388 SYMssoLA
910 346 1337 388 POLITICA.
1585 352 1662 403 691

150 409 431 465 Clodoveus
444 412 579 465 binas
596 413 678 468 fibi
697 414 885 484 aptabat
902 434 1075 468 manus
1092 415 1296 469 dexteras
1315 438 1327 468 :
1344 434 1495 470 unam
1510 413 1667 472 arma-

153 507 254 541 tam
272 525 286 546 2
303 510 395 563 qua
414 490 595 543 Alerico
609 491 851 554 refisteret
879 495 1114 545 inermem
1131 495 1353 558 alteram,
1378 515 1524 567 quam
1541 499 1668 566 pacis

152 568 399 620 firmandae
415 571 570 621 caussa
584 570 889 622 Tlieodorico
909 573 1026 641 ‚qui
1046 575 1163 623 inter
1178 591 1438 645 utrumque
1463 575 1531 625 se
1522 591 1666 626 inter-

154 647 319 716 poneb
325 664 370 696 at
377 644 548 716 ,poffet
565 649 808 720 porrigere.
853 617 922 698 Ad
941 648 1124 700 bellum
1141 650 1300 722 aeque,
1325 670 1379 703 ac
1398 670 1561 720 pacem
1581 666 1665 722 pa-

151 742 244 776 iata
260 725 348 774 sint
363 741 550 793 oportet
569 725 786 793 Principis
801 725 1000 778 bracliia.
1036 730 1156 779 Non
1173 728 1365 797 putabat
1382 728 1663 784 clodoveus

152 804 278 854 lianc
310 802 540 871 consequi
570 801 614 852 se
642 801 769 871 poss‘e
794 847 805 865 ‚
851 802 882 853 si
916 823 1119 856 manum
1159 806 1398 857 dexteram
1426 808 1664 860 inermem

152 879 422 931 ostenderet
439 880 509 941 ,ἃ
527 878 718 930 alteram
740 881 880 931 armis
895 882 1172 935 instinctam
1192 902 1295 934 non
1313 882 1515 935 liabe'ret.
1539 884 1665 935 lstud

152 958 295 1009 Gracci
313 956 575 1026 peculiari
548 955 879 1029 fignificabant
895 958 1253 1033 liieroglvpliico
1271 963 1334 1011 vii·
1341 981 1348 1009 i
1340 960 1557 1030 alicujus
1571 980 1667 1015 una

152 1054 302 1087 manu
321 1035 497 1085 hastam
513 1069 530 1089 ‚
561 1033 701 1086 altera
718 1035 982 1087 caduceum
1001 1039 1221 1090 tenentis.
1246 1039 1524 1112 Negotiatio
1542 1040 1669 1108 pacis

150 1131 229 1184 per
252 1110 520 1165 caduceum
539 1111 820 1165 adumbrata
836 1114 959 1165 recte
978 1114 1224 1168 succedere
1248 1135 1354 1166 non
1325 1085 1523 1185 Dpotest
1541 1151 1555 1171 ‚
1576 1115 1660 1169 nisi

152 1206 476 1245 comminatio
490 1189 625 1240 hastae
648 1209 755 1242 eam
776 1194 1046 1243 comitetur.
1086 1193 1218 1245 Cum
1241 1192 1545 1246 Atlienienles
1571 1196 1666 1246 Eu-

150 1266 379 1338 molplius
411 1268 550 1318 armis
588 1268 823 1320 infestaret
850 1312 862 1331 ,
891 1270 1184 1339 praecedebat
1217 1272 1463 1342 supremus
1491 1290 1663 1324 eorum

149 1351 259 1406 Dux
275 1392 287 1410 ,
303 1345 569 1398 caduceum
591 1364 739 1398 manu
755 1347 999 1418 praeferens
1018 1392 1028 1411 ,
1048 1348 1177 1418 pone
1202 1349 1480 1421 sequebatur
1495 1350 1664 1418 juveri-

148 1442 225 1477 tus
242 1440 440 1487 armata,
456 1440 506 1475 ut
525 1440 625 1475 tam
643 1423 701 1475 ad
720 1443 885 1494 pacem
900 1459 916 1481 ‚
936 1425 1086 1497 quam
1104 1426 1161 1477 ad
1183 1428 1366 1479 bellum
1386 1445 1598 1497 paratum
1617 1427 1662 1477 se

147 1502 431 1556 ostenderet.
458 1501 658 1554 Rhodiis
676 1501 941 1573 aliquando
959 1503 1447 1575 Constantinopolim
1464 1504 1665 1579 legatio-

147 1600 265 1633 nem
280 1579 626 1632 adornantibus
641 1623 653 1642 ‚
667 1579 866 1652 quidam
883 1598 971 1633 tres
991 1600 1152 1634 ramos
1165 1601 1314 1635 manu
1333 1599 1499 1635 tenens
1517 1586 1665 1655 Lega-

149 1662 181 1710 ti
204 1660 325 1711 latus
351 1657 579 1728 stipabat,
610 1657 818 1709 eandem
835 1658 985 1710 animi
1003 1658 1368 1729 dispositionem
1396 1660 1568 1712 iisdem
1588 1664 1667 1711 in-

148 1756 304 1788 nuens
318 1763 330 1794 ς
343 1755 444 1807 quo
459 1734 653 1786 allusiffe
681 1733 863 1788 videtur
875 1735 1119 1809 Virgilius,
1137 1736 1251 1790 curn
1271 1738 1411 1790 dixit:

289 1814 472 1866 Pacem
485 1831 600 1864 omre
613 1831 774 1866 manu,
787 1811 1000 1886 prefigere
1008 1813 1233 1887 puppibus
1247 1829 1443 1867 arrad-a.
1701 1824 1821 1876 Virgil-

143 1893 305 1945 Etiam
325 1889 583 1943 conclusa
569 1907 665 1975 jam
682 1907 811 1958 pace,
826 1907 931 1939 non
946 1906 1111 1939 omnis
1129 1908 1376 1941 armorum
1394 1909 1502 1941 cura
1520 1892 1669 1954 depo-

147 1969 309 2023 nenda
325 1968 430 2019 est:
460 1968 639 2018 namin
654 1967 851 2018 vid‘t'om
868 1962 1106 2038 vidi‘o'sque
1122 1985 1364 2040 nunquam
1381 1964 1531 2036 solida
1548 1963 1673 2038 fides
1699 1982 1806 2018 Tacit.
1824 1981 1880 2017 lib.
1884 1993 1916 2017 ι

142 2045 352 2113 coalescit.
375 2048 488 2095 Vno
503 2042 778 2113 eodemque
792 2041 866 2093 die
884 2040 942 2091 ad
960 2041 1218 2104 (Iamlam,
1246 2043 1407 2111 saepius
1424 2043 1571 2093 fidem
1587 2045 1675 2095 de-
1701 2032 1817 2067 A¹¹¹²²¹

144 2126 256 2178 disse
273 2118 548 2197 fregiffeque
562 2123 767 2171 Francos
781 2118 1018 2182 vidimuS,
1044 2119 1093 2169 ὃς
1107 2118 1281 2172 abusos
1295 2118 1425 2172 fuisse
1446 2121 1673 2196 benigni-

149 2223 274 2266 tate,
296 2221 392 2273 qua
411 2199 629 2252 Mareliio
651 2196 709 2248 de
724 2195 896 2249 Sancta
910 2200 1066 2250 Crucc
1080 2196 1318 2272 insignem
1338 2198 1544 2250 victoriae
1560 2199 1673 2273 glo-

147 2286 298 2340 riam,
329 2297 524 2350 quami
496 2276 604 2328 situs
630 2274 832 2339 melior,
860 2276 906 2326 ὅ(
924 2276 1122 2343 majores
1138 2278 1285 2346 copiae
1300 2275 1508 2328 certoilli
1528 2278 1673 2348 polli—

147 2362 395 2420 cebantur,
409 2354 684 2417 declinavit,
698 2369 751 2403 ut
769 2371 935 2422 pacem
954 2353 1095 2405 Italiae
1114 2352 1337 2405 redderet.

255 2443 309 2496 §-
341 2438 396 2486 In
417 2430 659 2485 tractanda
686 2449 797 2501 pace
813 2449 918 2482 non
951 2430 1115 2482 minus
1133 2432 1281 2483 animi
1310 2431 1525 2485 libertate
1552 2452 1676 2504 opus

146 2517 212 2570 est
227 2557 240 2580 2
254 2515 372 2567 acin
391 2510 522 2564 bello
539 2508 840 2578 suscipiendo
860 2554 872 2573 ,
899 2508 1226 2582 gerendoque.
1246 2511 1348 2578 Qui
1369 2512 1417 2561 in
1438 2509 1680 2563 illiusmo-

147 2597 196 2647 di
221 2589 495 2646 tractatibus
529 2586 739 2639 nimium
763 2587 854 2638 suae
868 2586 1092 2639 studuerit
1117 2587 1451 2639 existimationi
1472 2631 1484 2649 ‚
1510 2589 1557 2639 ὃ(
1587 2588 1676 2641 ho-

148 2673 271 2724 stem
301 2669 491 2722 calamo
522 2685 628 2718 non
659 2664 789 2716 secus
815 2680 956 2736 atque
983 2666 1122 2717 armis
1147 2661 1352 2736 superare
1381 2663 1609 2729 voluerit,
1641 2669 1678 2719 is

147 2748 377 2803 scintillas
406 2744 494 2796 sub
513 2742 749 2796 cineribus
764 2742 952 2814 reliquit
968 2742 1148 2794 abditas
1168 2787 1180 2806 ,
1213 2743 1344 2795 unde
1361 2745 1548 2814 majoris
1564 2745 1676 2798 belli

147 2829 320 2882 orietur
332 2823 630 2878 incendium.
664 2823 801 2873 Faces
817 2820 922 2884 illae,
936 2839 1052 2893 quas
1067 2840 1180 2873 cum
1195 2822 1517 2873 Numantinis
1529 2823 1675 2875 fecere

146 2906 371 2973 Qintus
388 2903 658 2969 Pompeius,
673 2900 721 2949 ὃ(
737 2898 896 2970 postea
915 2899 1103 2951 Consul
1123 2898 1578 2954 Mancinu52effe6tu
1599 2920 1676 2954 ca-

147 3000 341 3039 ruerunt
367 2980 461 3033 hoc
478 2978 587 3030 solo
601 2978 806 3029 nomine
822 3012 837 3033 ‚
868 2975 1001 3049 quod
1019 2980 1286 3029 auctoritati
1306 2979 1355 3027 ὃς
1371 2979 1543 3029 honori
1580 2984 1677 3030 Ro-

99 3070 113 3085 *
148 3081 306 3117 manae
320 3056 611 3129 Reipublicae
625 3054 751 3107 haud
768 3075 934 3127 parum
951 3056 1249 3130 derogarent.
1263 3057 1506 3108 Paetiones
1524 3058 1580 3108 ad
1599 3076 1679 3109 ur-

145 3143 262 3195 bem
279 3139 374 3191 Asti
388 3139 509 3190 inter
527 3133 764 3187 Carolurn
791 3136 1170 3187 Emmanuelem
1186 3134 1436 3189 Sabaud‘iae
1451 3140 1641 3191 Duceni
1662 3168 1680 3190 ,

901 3215 961 3265 M
976 3232 1028 3266 m
1043 3232 1096 3267 m
1137 3235 1169 3274 4
1628 3216 1678 3267 &-
