2394 3768
410 340 808 382 SYMBOLA
893 342 1344 384 POLITICA.
1611 359 1655 397 13

117 426 208 459 nec
226 409 491 479 Principem
508 410 759 463 meliorem
777 411 1014 464 desiderat.
1055 417 1122 464 Ita
1138 416 1346 467 Neronis
1360 411 1485 470 aula,
1502 429 1555 465 ut
1567 417 1666 465 Ta-
1698 420 1806 477 Tack·
1821 422 1876 459 lib·
1893 436 1920 459 ιο

75 511 79 514 ·
115 485 193 536 citi
208 485 358 537 verbis
373 503 475 538 utar
493 531 505 550 ,
531 491 580 540 in
597 485 826 541 Othonem
832 505 977 564 prona
992 500 1097 541 ercet
1116 536 1126 555 ‚
1140 490 1411 561 utstmilem.
1458 490 1615 558 Qod
1633 490 1664 542 si
1700 473 1770 506 Μ’

113 578 280 613 tamen
298 562 419 614 illud
441 566 642 635 Principi
655 568 805 617 facere
833 586 939 618 non
955 567 1132 619 licuerit
1153 602 1167 623 ,
1197 569 1487 640 fugiendum
1506 570 1664 639 potius

113 638 173 691 ab
190 637 268 691 ista
286 640 387 692 aula
412 643 598 704 censeo³
613 645 680 694 uri
695 641 847 695 fecisse
865 646 1180 696 meminimus
1198 645 1431 697 Iacobum
1450 649 1663 698 Primum
1698 659 1783 711 Maf-
1816 656 1886 710 hist-

115 720 422 790 Arragonum
441 721 625 792 Regem
653 742 663 768 .·
691 719 984 794 criminique
1006 721 1051 771 se
1065 721 1269 791 opprimi
1296 742 1501 774 cerneret
1518 724 1577 775 ab
1594 725 1664 789 iis,
1697 707 1920 802 23:115&

110 794 194 864 qui
209 794 367 864 ipsum
385 795 688 859 educabant,
705 800 754 848 ὃς
774 799 1087 849 constrictum
1103 797 1231 870 quasi
1249 800 1480 851 tenebant
1495 802 1546 851 in
1568 820 1665 853 car-

110 889 227 924 cere.
268 874 442 944 Neque
459 872 586 925 aliter
605 873 731 926 aulas
747 874 849 925 istas
867 875 1197 945 appellaverim
1215 921 1226 939 ‚
1245 876 1326 928 ubi
1342 877 1389 928 in
1404 895 1464 927 eo
1485 877 1665 947 potissis

110 947 252 1001 naum
270 949 542 1003 elaboratur
555 995 566 1015 ,
605 968 658 1003 ut
676 953 898 1003 voluntas
924 953 974 1002 ὃς
993 953 1236 1004 arbitrium
1258 954 1479 1023 Principis
1493 955 1543 1006 in
1562 971 1662 1006 tur-

109 1045 223 1098 pem
240 1026 476 1101 redigatur
501 1029 772 1082 servitutem
790 1073 802 1092 ‚
845 1048 1003 1100 neque
1025 1032 1076 1080 in
1109 1029 1258 1082 ullam
1292 1031 1385 1081 sese
1405 1029 1530 1082 ultro
1556 1049 1662 1101 par-

111 1121 229 1167 tem,
251 1106 298 1155 &
319 1124 405 1174 pro
433 1104 569 1157 libitu
586 1107 622 1157 is
652 1106 836 1158 flectere
855 1105 1043 1170 sinitur5
1071 1108 1147 1158 sed
1167 1110 1234 1161 vel
1253 1109 1428 1161 invitus
1445 1108 1663 1171 trahitur,

110 1182 213 1255 quo
223 1182 399 1234 volunt
417 1182 557 1235 aulici
581 1184 664 1235 :ad
683 1203 795 1234 eum
814 1183 962 1235 ferme
978 1184 1205 1249 modum,
1224 1204 1325 1256 quo
1344 1204 1465 1257 aqua
1484 1205 1562 1256 per
1577 1205 1664 1238 oc-

112 1259 269 1312 cultos
283 1259 470 1311 canales
495 1260 601 1313 solo
619 1266 705 1313 usu
721 1262 769 1311 ὃς
793 1263 885 1334 agri
903 1261 1143 1313 beneficio
1158 1263 1360 1316 ducitur.
1394 1262 1532 1328 Qid
1549 1281 1663 1333 pro-

111 1336 258 1391 derit,
279 1337 457 1389 amabo
481 1381 493 1401 ‚
517 1337 649 1390 bona
667 1338 917 1389 indoles&
937 1339 1160 1390 educatio
1180 1380 1192 1401 ,
1207 1340 1239 1389 {i
1264 1340 1459 1410 Principi
1475 1340 1658 1403 videre,

113 1413 273 1467 audire
289 1459 301 1476 ‚
335 1414 446 1465 scire
461 1414 549 1466 alia
566 1434 672 1466 non
687 1415 796 1468 licet
813 1458 824 1476 ,
843 1416 991 1483 quam
1008 1433 1112 1485 quae
1124 1415 1326 1484 cupiunt
1340 1417 1369 1465 ii
1388 1458 1400 1478 ,
1417 1419 1497 1486 qui
1519 1415 1662 1467 latera

110 1490 250 1562 ipsius
264 1491 466 1562 stipant?
497 1491 633 1555 Quid
651 1492 784 1545 miri,
813 1494 998 1562 Regem
1028 1493 1312 1553 henricum,
1326 1492 1422 1559 ejus
1439 1492 1659 1542 nominis
1692 1525 1779 1557 Mar.
1797 1523 1870 1558 Μ,

113 1570 358 1629 Quartum
378 1613 390 1631 ‚
415 1566 629 1618 Castellae
644 1570 827 1639 Regem
846 1584 946 1618 tam
963 1565 1145 1619 evasisse
1163 1566 1448 1623 socordem,
1480 1583 1579 1619 tam
1607 1568 1659 1619 in
1696 1571 1851 1618 Hisp-hb-
1865 1583 1918 1608 22--

111 1645 213 1698 aliis
229 1643 462 1696 omnibus
479 1644 651 1694 Ioanni
669 1643 895 1695 Secundo
913 1644 1028 1695 Patri
1058 1645 1145 1695 suo
1169 1645 1286 1718 Regi
1303 1642 1510 1696 similem
1532 1689 1545 1708 ,
1568 1663 1661 1714 po—
1693 1632 1761 1667 αρ’
1776 1634 1826 1667 ¹5‘

109 1723 355 1793 steaquam
370 1721 494 1771 inter
515 1719 714 1773 eosdem
732 1719 1000 1772 adulatores
1017 1724 1248 1773 enutritus
1267 1723 1380 1786 fuit,
1403 1722 1485 1792 qui
1503 1721 1662 1775 eidem

109 1797 249 1870 ipsius
267 1797 385 1849 Patri
400 1798 533 1871 regni
549 1797 676 1850 male
691 1796 1000 1850 administrati
1017 1797 1175 1852 caussa
1190 1800 1375 1852 extitere
1396 1806 1409 1851 ἓ
1427 1800 1542 1852 mihi
1563 1798 1660 1853 hoc

111 1875 248 1929 crede
262 1920 275 1939 ‚
287 1892 388 1927 tam
403 1875 604 1928 οἰδῦνατον
619 1875 701 1940 est,
715 1876 765 1927 in
783 1873 886 1929 aula
901 1874 1027 1927 male
1044 1875 1255 1929 instituta
1281 1877 1547 1949 Principem
1561 1877 1662 1929 for-

110 1956 230 2007 mari
247 1953 440 2006 bonurn
456 1988 472 2008 2
487 1953 638 2025 quam
659 1956 838 2005 redtam
856 1954 968 2005 duci
982 1953 1163 2005 lineam
1183 1954 1243 2006 ad
1257 1954 1506 2006 distortam
1522 1972 1664 2027 regu-

110 2032 226 2085 lam.
246 2031 424 2084 Nullus
439 2030 503 2083 ibi
522 2031 586 2081 est
604 2049 749 2101 paries
766 2075 777 2095 ,
790 2049 937 2102 quern
955 2051 1129 2082 manus
1142 2031 1309 2086 lasciva
1324 2031 1661 2093 obscoenitati-

111 2111 203 2162 bus
223 2110 313 2161 suis
331 2128 436 2160 non
454 2108 684 2182 denigret.
715 2109 897 2160 Nullus
912 2109 1134 2182 angulus,
1153 2113 1236 2181 qui
1251 2109 1484 2181 perditam
1495 2110 1662 2163 viven-

115 2188 164 2239 di
181 2187 429 2240 licentiam
445 2205 521 2257 per
535 2184 746 2238 modum
766 2185 909 2238 eclius
924 2205 1028 2238 non
1047 2188 1249 2240 resonet.
1287 2188 1561 2258 Quotquot
1578 2205 1664 2237 au-

112 2265 213 2318 lam
225 2265 547 2336 frequentant,
564 2264 770 2316 totidem
786 2263 1067 2338 magistri‚&
1081 2265 1208 2317 velut
1227 2262 1343 2317 ideae
1359 2264 1470 2316 sunt
1489 2264 1666 2315 Princi—

113 2344 183 2414 pis
208 2364 218 2393 ε
256 2342 412 2415 longo
429 2341 561 2393 enim
579 2342 666 2393 usu
696 2343 747 2393 ὃς
763 2339 1127 2395 conversatione
1159 2342 1331 2416 singuli
1350 2344 1401 2394 in
1420 2360 1480 2393 eo
1496 2341 1668 2412 impri-

113 2436 262 2473 munt
276 2418 474 2491 aliquid,
489 2418 624 2490 quod
639 2437 721 2473 aut
737 2418 949 2491 prodesse
964 2418 1200 2490 possit,aut
1219 2439 1408 2483 nocere5
1436 2420 1486 2470 &
1505 2436 1665 2490 quan-

115 2496 169 2550 to
186 2498 411 2549 naturain
433 2497 537 2566 ipso
555 2498 706 2570 magis
735 2497 800 2548 est
815 2495 986 2549 docilis
1003 2540 1016 2561 ‚
1058 2499 1195 2549 tanto
1219 2496 1402 2550 facilius
1430 2497 1665 2566 citiusque

116 2593 277 2628 mores
306 2573 599 2627 domesticos
614 2574 826 2627 imbibit.
862 2572 1024 2625 Ausim
1042 2575 1174 2642 paene
1192 2573 1371 2628 dicere,
1407 2591 1514 2624 tum
1535 2575 1668 2623 Prin-

117 2653 274 2723 cipern
290 2652 390 2702 fore
405 2651 616 2715 bonum,
632 2650 746 2706 cum
766 2651 927 2704 bonos
939 2649 1154 2702 habuerit
1176 2650 1441 2711 ministros3
1458 2647 1664 2712 malum,

120 2728 237 2784 cum
255 2727 428 2781 malos,
460 2728 613 2782 Galba
636 2733 897 2800 Imperator
914 2726 1037 2778 testis
1055 2726 1118 2778 est
1151 2750 1159 2779 :
1199 2729 1514 2785 mimicorum,
1532 2722 1667 2779 liber·
1698 2746 1805 2800 Tacit.
1824 2744 1917 2782 iiim.

116 2804 372 2880 tort'tmques
385 2802 461 2859 ubi
474 2809 524 2860 in
537 2804 672 2859 bonos
686 2802 928 2876 incidisset,
944 2801 1380 2880 finereprehenfione
1393 2805 1586 2878 [παίσω
1604 2800 1670 2875 :st
1699 2795 1771 2830 Μ·

117 2882 403 2956 maliforent,
418 2883 554 2958 usque
563 2883 629 2936 ad
636 2883 816 2960 culpam
833 2887 1034 2956 ignarus.

229 2966 286 3019 ὅ.
322 2963 427 3012 Nec
457 2962 562 3013 satis
579 2962 661 3014 erit
690 2962 815 3014 sicin
835 2960 938 3012 aula
967 2958 1235 3011 reformaffe
1254 2957 1422 3031 figuras
1457 2957 1582 3012 vivas
1597 2972 1670 3008 at·-

119 3058 215 3112 que
240 3041 471 3090 animatas
493 3082 506 3102 ‚
530 3037 841 3092 adinanimas
867 3055 1069 3110 quoque
1084 3037 1408 3092 veniendum,
1461 3034 1558 3087 lioc
1572 3034 1635 3085 est
1656 3076 1669 3096 ,

120 3116 178 3170 ad
195 3116 365 3169 statuas
390 3117 438 3168 &
456 3118 682 3187 picturas:
710 3118 930 3191 quamvis
955 3117 1091 3168 enim
1120 3115 1292 3168 caelum
1322 3130 1401 3166 aut
1418 3111 1671 3185 penicillus

1006 3194 1041 3242 B
1559 3206 1670 3241 non
