2394 3768
475 1164 581 1199 Tacit.
598 1163 692 1208 lib.4‚

476 1215 593 1248 Annal.

722 331 801 383 580
1080 325 1382 367 DinAcr
1443 326 1902 367 sAAVEDRAE

725 408 849 467 petet
868 388 1048 442 necesse
1066 391 1128 441 est
1160 395 1176 461 (
1194 390 1277 443 nifi
1294 408 1458 443 tamen
1482 390 1604 443 forte
1621 390 1980 455 circumstantiae
1996 392 2091 461 jam
2109 412 2250 449 com-

728 485 1008 524 memoratae
1027 469 1338 525 occurrerint,
1358 485 1436 526 aiut
1452 467 1560 520 alias
1577 462 1759 542 infigne
1775 468 1971 540 aliquod
1988 470 2037 520 ὃ(
2056 471 2248 524 evidens

728 548 789 599 ab
807 546 1087 597 executione
1101 547 1353 617 immineat
1373 545 1635 616 periculum
1652 549 1669 614 >
1686 564 1774 597 nec
1791 546 1969 598 moveri
1987 546 2031 597 se
2048 545 2164 598 finat
2180 567 2247 600 at-

725 626 968 697 gumentis
983 623 1032 673 ὃς
1045 622 1305 674 rationibus
1319 623 1535 694 propriis:
1559 624 1673 693 saepe
1686 623 1819 675 enim
1838 623 2108 694 Principum
2125 643 2243 676 con.

724 700 817 753 filia
850 717 950 752 tarn
968 700 1072 753 altis
1088 702 1307 752 nituntur
1331 700 1593 763 radicibuS,
1618 716 1671 752 ut
1696 699 1911 752 Minister
1939 699 2247 774 intelligentia

724 798 799 831 eas
811 776 984 851 assequi
1001 778 1126 831 haud
1146 777 1293 830 valeat
1307 822 1319 841 ,
1334 778 1550 830 autcerte
1566 776 1645 848 ipsi
1664 777 1842 830 nolunt
1858 821 1869 841 ,
1896 793 1948 828 ut
1964 796 2037 831 eas
2053 777 2245 832 rimetur

724 871 803 909 aut
820 872 1031 927 penetret
1046 884 1060 920 5
1088 873 1231 928 atque
1246 854 1368 908 adeo
1385 856 1434 907 in
1449 854 1601 907 dubio
1613 875 1699 926 pro
1722 871 1847 926 parte
1861 853 2087 924 jussorum
2116 854 2243 910 sem-

720 953 799 1006 per
813 933 1039 986 standum
1058 936 1140 986 erit
1157 980 1168 999 ‚
1188 937 1232 984 ὃ(
1255 930 1639 1004 praesumendum
1653 933 1711 984 de
1730 931 1975 1006 prudentia
1997 933 2218 1002 Principis
2231 979 2245 998 ‚

721 1013 782 1064 ita
809 1013 1025 1063 omnino
1055 1010 1282 1082 expedire.
1316 1010 1399 1062 Ob
1415 1009 1540 1062 hanc
1557 1009 1761 1063 caussam
1787 1009 2039 1063 Dolabella
2065 1007 2248 1079 jussusa

720 1090 912 1142 Tiberio
927 1091 1133 1141 Nonam
1153 1108 1206 1140 ex
1228 1087 1378 1141 Africa
1397 1089 1663 1162 Legionem
1683 1085 2065 1150 adducere‚illico
2080 1089 2245 1158 paruit,

710 1165 831 1243 jussa
844 1166 1070 1242 Principis
1088 1164 1250 1240 magis,
1261 1163 1403 1240 qudm
1417 1168 1585 1219 incerta
1598 1164 1696 1219 belli
1705 1165 2118 1228 manem-‚tametsi
2133 1165 2244 1222 alias

718 1246 925 1297 rationes
942 1244 1147 1317 minime
1161 1243 1367 1296 deessent
1381 1289 1394 1308 ‚
1423 1262 1503 1296 cur
1528 1243 1695 1296 contra
1709 1244 2048 1314 excipiendum
2066 1243 2241 1296 videre-

719 1340 811 1374 tur.
829 1324 872 1375 Si
889 1322 1086 1375 cuilibet
1102 1323 1345 1396 integrum
1365 1320 1536 1374 effetea
1551 1366 1563 1386 ,
1579 1340 1683 1393 quae
1700 1323 2045 1392 praecipiuntur,
2061 1323 2242 1374 exami-

697 1450 701 1454 .
722 1420 831 1453 nare
846 1401 893 1451 ὅ(
916 1400 1144 1454 discutere
1157 1436 1173 1456 ,
1190 1399 1498 1452 miscerentur
1515 1401 1685 1451 omnia
1704 1443 1716 1463 ‚
1746 1400 1796 1449 ὃ(
1811 1399 2024 1473 plurimae
2039 1399 2064 1451 ὲ
2081 1401 2243 1453 mani·

718 1479 807 1531 bus
821 1477 1120 1532 elaberentur
1136 1476 1430 1532 occasiones,
1466 1479 1695 1551 Regnum
1711 1480 1783 1547 (ut
1800 1477 1907 1530 alibi
1922 1476 2147 1546 diximus)
2164 1479 2244 1530 in-

715 1555 1039 1612 strumentum
1057 1556 1123 1610 est
1139 1555 1379 1609 musicum
1397 1598 1410 1620 ,
1437 1555 1570 1627 cujus
1594 1554 1711 1607 fides
1723 1554 1782 1607 ad
1802 1553 2014 1609 debitam
2042 1554 2242 1609 harmo-

715 1636 850 1688 niam
879 1636 929 1685 ὅ(
950 1651 1255 1690 concentum
1287 1635 1506 1708 Princeps
1535 1649 1844 1705 attemperat,
1872 1632 1954 1705 qui
1969 1632 2126 1707 digitis
2151 1634 2243 1685 suis

712 1731 890 1765 omnes
904 1715 1129 1788 percurrit
1149 1758 1162 1778 ‚
1180 1730 1286 1764 non
1307 1712 1521 1765 Minister
1536 1755 1548 1776 ‚
1563 1713 1646 1784 qui
1664 1729 1816 1764 unam
1832 1710 1986 1762 solam
2002 1710 2240 1784 impellit,

718 1788 933 1861 cumque
951 1792 1063 1843 alias
1078 1791 1176 1864 ipse
1190 1808 1296 1840 non
1315 1787 1501 1844 audiat,
1543 1790 1654 1840 scire
1668 1788 1835 1858 nequit
1849 1821 1866 1842 ,
1907 1802 2068 1839 utrum
2087 1786 2239 1840 addu-

717 1870 793 1918 eta
808 1868 953 1919 nimis
966 1885 1017 1918 ea
1034 1865 1087 1917 fit
1104 1900 1121 1921 ,
1162 1884 1222 1917 an
1235 1865 1419 1916 remissa
1435 1907 1448 1927 ,
1477 1866 1525 1915 ὃ(
1543 1863 1773 1917 facillime
1789 1863 2020 1916 falleretur
2037 1908 2049 1928 ‚
2080 1863 2113 1916 si
2132 1883 2241 1920 eam

715 1944 803 1996 suo
815 1944 963 2018 genio
981 1960 1135 2017 aptare
1150 1939 1303 1995 vellet.
1331 1945 1515 1992 Comes
1539 1944 1782 1992 Fontanus
1799 1940 1849 1993 ea
1863 1940 2068 2006 licentia,
2087 1962 2238 2015 quam

718 2023 758 2073 ei
776 2022 855 2072 sua
875 2037 982 2072 aetas
1001 2063 1013 2082 ,
1039 2012 1197 2082 zelus,
1232 2018 1460 2088 obsequia
1473 2051 1489 2070 ‚
1529 2019 1576 2067 ὅ(
1596 2019 1887 2089 experientiae
1914 2035 1987 2069 tot
2014 2039 2068 2071 ac
2097 2021 2239 2074 tantis

716 2097 934 2171 tropliaeis
966 2115 1020 2148 ac
1051 2096 1257 2149 vietoriis
1293 2109 1533 2145 coronatae
1567 2093 1890 2167 indulgebant
1932 2138 1944 2158 ,
1985 2097 2239 2167 aliquoties

717 2176 849 2244 (curn
868 2175 1043 2226 statum
1061 2170 1485 2224 Mediolanensem
1500 2169 1657 2223 adhuc
1669 2173 1866 2244 regeret)
1884 2172 2123 2225 mandatis
2142 2177 2235 2226 Re-

715 2254 786 2327 gis
807 2251 1007 2325 Philippi
1021 2250 1161 2302 Tertii
1177 2267 1332 2322 parere
1346 2247 1537 2312 distulit,
1549 2247 1608 2301 eo
1621 2248 1757 2321 quod
1770 2248 1853 2302 sibi
1871 2251 2235 2323 persuaderet,ea

715 2349 822 2382 non
841 2330 869 2381 s
864 2328 948 2381 atis
965 2327 1179 2403 expedire
1194 2361 1208 2383 ‚
1241 2324 1486 2400 magisque
1503 2345 1557 2377 ex
1586 2344 1748 2378 amore
1764 2328 2019 2380 commodi
2036 2330 2198 2401 privati
2219 2375 2232 2395 ‚

717 2426 795 2459 aut
810 2404 1078 2482 ignorantia
1094 2404 1424 2456 Ministrorum
1440 2404 1647 2473 profeeta
1664 2402 1794 2456 fuisse
1812 2447 1823 2466 ,
1839 2405 1987 2475 quam
2003 2425 2055 2457 ex
2068 2424 2233 2461 mente

718 2487 954 2555 Principis.
971 2480 1130 2550 Qod
1146 2481 1421 2552 exemplum
1440 2481 1584 2534 secuti
1603 2482 1712 2533 sunt
1728 2480 1887 2551 postea
1903 2481 1995 2547 alii,
2012 2502 2117 2536 non
2131 2486 2232 2538 abs.

713 2582 806 2636 que
822 2562 995 2635 infigni
1009 2560 1301 2612 detrimento
1318 2558 1670 2630 tranquillitatis
1686 2557 1956 2630 publicae,&
1974 2564 2231 2616 auetorita-

713 2643 769 2693 tis
783 2642 951 2710 Regiae.
981 2636 1253 2692 Gravissima
1270 2635 1383 2688 inde
1399 2639 1628 2688 orirentur
1645 2636 1972 2690 incommoda
1988 2682 2000 2703 ‚
2027 2637 2058 2690 fi
2075 2641 2232 2701 Mini-

715 2720 813 2771 stris
825 2718 1005 2788 semper
1019 2715 1178 2768 liceret
1194 2732 1359 2768 vocare
1377 2715 1426 2765 in
1442 2713 1665 2778 dubium,
1679 2713 1799 2766 sitne
1814 2714 2037 2767 voluntas
2052 2718 2231 2771 Princi-

713 2799 800 2869 pis,
816 2815 905 2848 nee
922 2813 1001 2850 ne,
1014 2794 1061 2845 id
1076 2791 1209 2864 quod
1228 2791 1484 2863 praecipitur
1498 2818 1511 2853 5
1526 2793 1601 2843 cui
1615 2793 1677 2843 rei
1693 2791 1906 2859 inprimis
1922 2792 2230 2856 occasionem

716 2876 825 2926 dare
838 2872 974 2929 solet,
990 2871 1021 2922 fi
1037 2870 1222 2923 constet
1238 2913 1249 2932 ‚
1279 2887 1384 2920 non
1402 2867 1540 2939 ipfius
1554 2869 1640 2921 esse
1670 2886 1872 2920 manum
1893 2913 1905 2934 ,
1918 2889 2023 2942 quae
2041 2888 2168 2942 aptat
2181 2875 2231 2925 &

715 2952 892 3023 expolit
913 2948 1088 3020 Iapides
1107 2966 1190 3018 pro
1213 2946 1573 3020 gubernationis
1584 2944 1800 2998 aedificio.
1830 2948 2010 3000 Verum
2027 2947 2106 3001 etsi
2124 2949 2235 3010 alie-⁷

717 3049 779 3081 na
792 3049 843 3080 ca
861 3028 939 3084 fit,
965 3028 1144 3095 semper
1157 3041 1320 3076 tamen
1345 3022 1464 3092 jussis
1487 3022 1597 3074 suus
1613 3021 1860 3074 habendus
1883 3024 1948 3077 est
1961 3025 2121 3086 honos
2137 3071 2150 3091 ,
2174 3027 2227 3077 δε

715 3102 1152 3179 obtemperandum
1173 3147 1185 3166 ‚
1217 3099 1346 3155 haud
1359 3098 1489 3155 secus
1500 3119 1554 3154 ac
1569 3099 1601 3153 fi
1616 3099 1676 3154 ab
1692 3099 1882 3154 arbitrio
1906 3104 1957 3153 δε
1974 3104 2222 3158 voluntate

2088 3179 2226 3252 ipfius
