2394 3768
447 288 847 328 SYMBOLA
903 286 1341 331 POL1T1CA.
1589 292 1669 345 289

13 365 16 394 ³
67 404 71 407 .
105 363 152 412 in
170 377 215 410 re
233 375 323 410 nec
346 355 619 429 Religionis
637 403 648 421 ,
676 377 767 410 nec
783 358 1028 432 sanguinis
1042 405 1053 424 ‚
1072 377 1161 412 nec
1177 361 1395 412 amicitiae
1409 359 1502 413 ulla
1518 359 1665 414 habe-

101 453 174 488 tut
189 438 325 500 ratio,
342 434 641 488 conculcatis
660 435 1180 507 sacrosanffisjuribus,
1195 438 1246 486 ὅ(
1264 441 1455 491 Naturae
1467 440 1516 489 ὃ(
1531 442 1664 492 Gen-

99 514 242 566 tium.

205 595 257 648 ,οἵ
293 589 337 641 Si
366 609 490 662 quos
513 589 756 643 interdurn
777 589 836 642 de
864 589 1150 643 infidelitate
1183 593 1395 662 Princeps
1418 593 1660 665 suspeetos

95 667 309 720 habuerit
328 711 339 728 ,
357 667 514 720 vultus
528 669 826 720 serenitatem
844 687 906 719 ne
921 668 1304 732 illicoimmutet‚
1331 690 1412 722 aut
1430 674 1656 743 suspicio-

99 748 171 798 nis
191 747 279 796 suae
293 746 452 817 aliqua
469 746 639 816 pro-dat
655 744 831 797 indicia
851 790 863 809 ‚
887 747 1006 817 quin
1023 747 1181 817 potius
1195 749 1331 800 novis
1348 747 1590 803 blanditiis
1606 753 1658 803 δε

92 822 361 877 honoribus
381 822 667 876 confirmare
683 823 870 875 studeat
887 825 1147 889 animos,&
1167 825 1223 876 ad
1243 824 1523 878 fidelitatem
1540 847 1655 898 prac-

93 901 311 952 standam
330 900 635 975 obstringere.
656 903 778 952 Non
793 902 1040 972 optimum
1056 901 1262 973 semper,
1281 905 1330 954 ὃ(
1350 902 1568 957 securum
1584 924 1654 958 re-

91 979 314 1030 medium
331 979 394 1030 est
412 996 647 1031 extremus
665 979 788 1052 rigor
810 981 952 1030 :rami
974 1018 986 1042 ,
1017 981 1098 1051 qui
1117 983 1396 1045 resecantur,
1420 1001 1617 1052 pereunt
1633 1018 1650 1040 ‚

93 1058 204 1129 quia
217 1057 486 1108 revirescere
504 1076 608 1109 non
628 1054 1021 1127 possunt.Eadem
1042 1058 1276 1110 Marcello
1293 1061 1442 1112 caussa
1461 1061 1654 1126 fuit,cut

94 1153 209 1187 cum
227 1136 380 1186 Lucio
396 1138 560 1187 Banco
575 1134 779 1186 Nolano
797 1135 998 1186 homine
1011 1133 1312 1206 locuplete‚&
1327 1138 1531 1190 faetioso
1548 1156 1654 1192 tan-

92 1211 255 1281 topere
269 1213 629 1275 conniveret‚&
647 1210 829 1264 tametsi
850 1211 995 1282 probe
1013 1215 1144 1266 sciret
1166 1258 1177 1276 ,
1210 1213 1344 1286 quod
1368 1217 1654 1270 Hannibalis

95 1291 350 1361 partesipse
375 1290 642 1362 sequeretur
657 1325 672 1347 ‚
688 1289 910 1343 accersito
930 1306 1094 1342 tamen
1115 1291 1173 1342 ad
1191 1292 1237 1342 se
1255 1293 1397 1363 plane
1412 1292 1653 1365 exposuit,

96 1367 245 1440 quam
273 1372 416 1420 virtus
446 1371 542 1438 ejus
562 1414 574 1432 ‚
614 1370 665 1418 ὃ(
694 1367 932 1420 fortitudo
961 1368 1263 1421 aestimaretur
1291 1376 1352 1424 ab
1384 1373 1619 1425 omnibus
1634 1408 1649 1429 ,

97 1447 346 1518 quamque
364 1444 442 1496 illa
469 1447 705 1516 perspecta
721 1444 828 1497 effer
861 1447 1078 1498 Ducibus
1113 1449 1349 1499 Romanis
1363 1493 1375 1513 ,
1403 1450 1486 1521 qui
1518 1452 1652 1502 testes

95 1522 366 1575 exstitissent
383 1542 538 1575 rerum
567 1522 732 1575 abillo
759 1522 1054 1575 laudabiliter
1078 1525 1315 1597 gestarum
1333 1526 1384 1578 in
1404 1526 1652 1579 Cannensi

97 1601 258 1673 praelio
277 1600 509 1653 :honorat
522 1620 633 1652 eum
649 1598 897 1669 verbis,spe
911 1619 963 1651 ac
981 1601 1209 1671 promissis
1226 1603 1359 1657 fovet
1373 1607 1419 1654 δε
1442 1606 1470 1656 s
1465 1606 1652 1668 ustinet3

96 1678 333 1751 indulget,
348 1694 400 1729 ut
416 1677 530 1729 liber
546 1680 584 1729 ei
599 1678 781 1746 semper
799 1677 856 1727 ad
871 1676 1167 1732 audientiam
1187 1697 1341 1747 pateat
1366 1682 1518 1734 aditus
1533 1730 1544 1746 ‚
1558 1682 1653 1755 qua

98 1756 397 1808 humanitate
426 1754 486 1806 fic
503 1754 643 1807 illum
664 1755 878 1806 devincit
907 1754 954 1804 ὅ(
971 1755 1182 1828 obligat,
1212 1773 1265 1806 ut
1278 1758 1338 1810 ab
1354 1777 1414 1809 eo
1437 1776 1654 1830 tempore

97 1834 310 1885 amicum
327 1831 594 1884 fideliorem
612 1831 822 1902 Respub.
841 1834 1068 1883 Romana
1085 1851 1344 1905 nunquam
1363 1834 1596 1889 habuerit.

185 1915 299 1962 Haec
313 1926 477 1961 tamen
498 1909 805 1961 dissimulatio
823 1929 1053 1982 magnam
1071 1913 1394 1964 attentionem
1413 1913 1622 1983 postulat
1638 1958 1651 1979 ,

93 1990 143 2039 ὃς
159 1988 462 2059 prudentiam
494 2010 503 2037 :
537 2007 652 2039 nam
669 1986 696 2037 li
719 1986 860 2038 illum
878 1988 1118 2040 suboleret
1136 2032 1148 2051 ‚
1179 1991 1262 2061 qui
1279 1989 1442 2042 sinistri
1469 1991 1647 2064 aliquid

95 2067 310 2129 molitur,
327 2065 577 2118 artificium
594 2066 681 2117 esse
697 2064 900 2117 crederet
916 2110 927 2125 ,
942 2082 994 2117 ut
1013 2066 1150 2116 tanto
1166 2066 1348 2140 gravius
1362 2069 1523 2139 postea
1539 2072 1589 2122 in
1606 2070 1652 2122 se

97 2143 545 2196 animadverteretur
564 2189 575 2207 ,
590 2143 807 2215 adeoque
823 2142 958 2195 citius
976 2142 1229 2195 flammam
1247 2145 1490 2213 subjiceret
1509 2148 1649 2198 cuni-

100 2222 219 2274 culis
236 2261 249 2283 ,
268 2238 347 2273 aut
360 2220 441 2273 sibi
461 2241 538 2292 per
553 2222 641 2273 alia
662 2219 818 2272 media
836 2221 1045 2273 violenta
1060 2237 1237 2273 caveret
1253 2222 1313 2273 de
1338 2223 1573 2291 periculo:
1601 2223 1650 2276 id

96 2299 232 2369 quod
251 2300 477 2369 praecipue
495 2299 772 2350 timendum
788 2298 836 2349 in
860 2298 1149 2350 tumultibus
1164 2343 1174 2362 ‚
1192 2301 1241 2350 ὃς
1259 2299 1444 2351 delictis
1470 2301 1649 2353 insanae

97 2376 369 2447 plebeculae.
397 2377 612 2428 Eandem
628 2376 695 2427 ob
712 2374 917 2429 caussam
938 2376 1105 2429 Fabius
1118 2379 1300 2429 Valens
1313 2420 1325 2440 ,
1346 2377 1426 2430 etsi
1441 2380 1649 2431 autftori›

96 2454 441 2508 busseditionis
460 2454 705 2521 cujusdam
722 2453 909 2505 nullam
928 2454 1238 2506 constituisset
1251 2475 1449 2525 poenam
1472 2502 1485 2519 ‚
1500 2457 1648 2528 quos-

97 2533 211 2583 dam
227 2548 390 2583 tamen
406 2550 576 2583 eorum
594 2532 642 2583 in
659 2530 839 2599 judicio
854 2530 1073 2600 postulari
1091 2532 1242 2584 voluit
1254 2578 1266 2596 ,
1291 2552 1346 2585 ne
1361 2532 1648 2607 dtsszmnlam’
1676 2567 1786 2602 Tacst,
1806 2571 1890 2608 liba>

75 2604 327 2686 suspefflor
340 2609 472 2681 foret.
516 2609 700 2660 Verum
718 2609 829 2660 cum
845 2609 1036 2659 animus
1051 2610 1076 2659 a
1093 2611 1324 2681 concepta
1342 2612 1615 2680 proditione
1629 2648 1645 2668 ,
1680 2617 1806 2651 HistOr·

95 2706 324 2760 perquam
339 2685 591 2738 difficulter
606 2703 901 2761 expurgetur,
920 2688 966 2736 ὅ(
986 2683 1281 2739 offenfiones
1304 2688 1556 2757 Maiestatis
1574 2691 1651 2742 su-

97 2785 270 2836 premae
284 2766 532 2835 impunitae
549 2766 636 2816 esse
657 2784 761 2816 non
777 2763 1190 2827 debeant,videtur
1211 2783 1330 2818 tunc
1350 2767 1510 2818 {olum
1527 2766 1653 2818 dilli-

96 2843 389 2895 mulnadum
408 2882 420 2904 ,
443 2841 645 2913 quando
664 2841 856 2911 majusa
876 2841 1197 2908 declaratione
1219 2846 1448 2895 imminet
1465 2845 1651 2914 pericu·

98 2921 202 2972 lum
221 2964 234 2984 ‚
263 2938 342 2972 aut
359 2921 626 2972 multorum
644 2922 834 2989 punitio
849 2922 898 2970 in
916 2920 1146 2971 effectum
1163 2920 1336 2974 deduci
1356 2941 1461 2973 non
1481 2923 1648 2992 potest.

100 2998 224 3051 lstud
242 2999 513 3069 expenderit
530 2997 672 3049 lulius
689 2997 842 3049 Caesat
859 3041 870 3060 ,
889 3000 1002 3049 cum
1019 2999 1150 3050 datas
1166 3016 1333 3051 contra
1348 2999 1393 3050 se
1409 2999 1435 3052 a
1456 3000 1651 3053 Nobili-

98 3091 190 3130 tate
206 3075 435 3129 Romana
454 3077 511 3129 ad
529 3076 812 3147 Pompejum
830 3075 983 3128 literas
1003 3120 1015 3140 ,
1030 3077 1081 3127 &
1097 3077 1223 3148 apud
1242 3077 1544 3130 tabellarium
1564 3079 1648 3130 de-

901 3157 935 3205 B
952 3154 984 3206 b
1443 3156 1648 3226 prehen-
