2394 3768
456 268 862 308 SYMBOLA
923 269 1377 311 POLITICA.
1610 285 1686 325 3¹7

70 401 74 405 ,
241 344 298 395 §-
323 336 440 388 Non
456 355 624 390 enecat
640 357 753 390 eurn
771 336 936 390 Stellio
953 382 964 401 ,
993 357 1142 410 quem
1162 336 1317 392 inficit
1337 374 1350 394 ,
1381 337 1461 390 secl
1490 353 1679 410 torpore

134 415 290 471 solum
307 416 477 466 omnia
504 417 600 485 ejus
618 416 834 469 membra
852 417 1040 486 corripit
1056 452 1071 471 ,
1105 415 1316 488 eumque
1333 414 1358 468 a
1377 416 1527 487 seipso
1554 436 1680 488 quo-

132 491 404 552 dammodo
419 510 601 557 avocat,
619 495 769 546 varios
784 495 833 545 in
852 512 911 545 eo
927 491 1124 546 affectus
1140 493 1408 547 excitando,
1446 494 1681 547 Adulato·

130 574 165 625 ri
179 571 273 624 hoc
291 571 537 641 proprium
554 571 637 627 est,
655 573 737 643 qui
755 569 874 623 varia
887 569 1006 623 boni
1025 573 1173 642 specie
1193 571 1392 624 fascinat
1409 572 1583 624 oculos
1596 609 1611 629 ‚
1629 574 1680 625 ὅς

131 648 303 720 decipit
320 666 448 699 aures
475 649 714 719 Principis,
731 664 810 700 aut
838 667 951 700 eum
970 647 1097 721 quafi
1115 666 1238 701 extra
1256 650 1301 699 se
1317 649 1486 718 abripit
1502 695 1514 712 ,
1547 667 1599 702 ut
1612 670 1680 703 re-

129 747 234 781 rum
250 727 492 780 veritatem
509 725 733 797 dispicere
750 742 971 798 nequeat.
990 726 1153 779 Stellio
1174 744 1273 778 tam
1292 725 1577 778 hominibus
1600 730 1681 779 in-

128 804 286 859 fensus
304 803 442 866 est‚ut
458 801 572 856 cum
587 803 763 875 pellem
781 804 1032 867 exuit‚eam
1047 805 1141 875 ipse
1158 804 1432 867 devoret,ne
1447 805 1678 876 cuiquam

130 900 296 937 contra
324 881 623 934 comitialem
646 884 880 935 morbum
910 882 1078 934 usui&
1110 881 1323 934 remedio
1347 880 1413 932 fit.
1449 881 1682 933 Adulator

127 962 241 1014 ferre
262 978 365 1010 non
382 957 578 1011 sustinet
594 975 605 1023 ,⁴
620 976 672 1011 ut
690 961 906 1031 Princeps
924 960 984 1012 ab
1000 961 1231 1012 erroribus
1246 960 1336 1012 suis
1351 959 1678 1012 convalescat:

130 1039 290 1091 erroris
315 1038 448 1087 enim
474 1038 656 1110 agnitio
675 1036 769 1089 filia
783 1038 846 1088 est
864 1038 1089 1100 veritatis3
1118 1037 1217 1091 haec
1242 1035 1353 1091 vero
1379 1035 1678 1089 assentationi

127 1113 337 1169 inimica.
373 1112 599 1166 Adulatio
615 1115 995 1186 prosperitatibus
1011 1116 1237 1185 Principis
1254 1114 1450 1177 invidet,
1466 1114 1679 1187 eumque

126 1209 376 1254 execratur,
393 1191 442 1241 ὅ(
459 1191 579 1243 odio
594 1191 752 1256 habet,
769 1209 1004 1265 tanquam
1017 1196 1098 1264 qui
1113 1192 1326 1264 potentia
1345 1191 1424 1244 sua
1439 1193 1489 1241 ὃς
1509 1192 1658 1245 neces
1653 1223 1676 1232 -

127 1270 256 1324 sitate
271 1267 482 1341 quadarn
500 1269 621 1321 istud
641 1269 945 1335 adulationis,
959 1269 1351 1323 dissimulationis
1345 1286 1438 1342 que
1456 1271 1678 1341 imponat

124 1351 295 1424 jugum
313 1392 324 1409 ‚
348 1348 398 1397 ὅ(
416 1364 559 1421 cogat
584 1348 964 1419 quodammodo
979 1347 1106 1400 aliud
1124 1348 1341 1401 clausum
1357 1366 1513 1422 gerere
1532 1368 1582 1399 in
1598 1367 1681 1420 pe-

126 1431 275 1487 ctore,
293 1424 420 1477 aliud
436 1443 515 1476 ore
531 1425 770 1498 proloqui.

236 1510 284 1561 §-
308 1501 541 1575 Singulari
554 1501 802 1573 prudentia
817 1522 939 1574 opus
953 1502 1080 1556 estin
1100 1504 1313 1575 Principe
1327 1541 1341 1566 ,
1369 1519 1422 1554 ut
1437 1500 1681 1555 adulatio-

125 1601 243 1635 nem
263 1580 377 1633 sciat
390 1580 469 1632 dis
465 1598 674 1632 cernere:
692 1600 745 1633 ea
762 1599 976 1652 namque
990 1583 1040 1633 in
1056 1581 1275 1651 laudibus
1291 1579 1502 1634 consistit
1520 1626 1531 1645 ‚
1560 1598 1679 1652 quas

124 1661 348 1728 Princeps
373 1656 532 1709 audiet
548 1657 791 1710 interdurn
809 1658 940 1710 abiis
956 1660 1100 1710 etiam
1117 1703 1129 1722 ‚
1150 1654 1240 1730 'qui
1258 1658 1318 1710 ab
1331 1657 1595 1710 assentandi
1610 1657 1679 1710 vi·

125 1740 196 1791 tio
211 1734 360 1808 quam
379 1733 649 1807 longissime
666 1735 854 1787 absunt.
884 1734 1007 1787 Illud
1025 1735 1283 1787 discrimen
1302 1735 1368 1786 est
1384 1780 1396 1798 ‚
1413 1734 1547 1807 quod
1565 1734 1681 1786 adu-

120 1815 242 1868 lator
256 1811 525 1883 promiscue
540 1812 736 1864 honesta
755 1828 897 1883 atque
912 1812 1164 1864 inhonesta
1181 1855 1194 1875 ‚
1227 1812 1377 1882 proba
1390 1832 1443 1863 ac
1458 1813 1681 1881 improba

121 1891 310 1947 laudare
328 1889 473 1941 soleat
491 1915 504 1951 3
523 1890 552 1940 ii
567 1890 641 1941 alii
657 1888 767 1944 vero
780 1891 828 1941 id
849 1889 1009 1941 solum
1028 1935 1040 1954 ,
1059 1889 1196 1961 quod
1213 1892 1398 1940 rectum
1414 1908 1467 1941 ac
1482 1889 1678 1941 bonurn

123 1971 204 2024 est,
220 1971 264 2019 Si
280 1987 392 2041 ergo
406 1965 571 2019 viderit
590 1971 823 2038 Princeps,
843 1988 895 2019 ea
909 1966 992 2020 fibi
1007 1966 1268 2019 adulatorie
1289 1968 1428 2020 tribui
1447 2012 1457 2031 ‚
1471 1987 1576 2038 quae
1591 1984 1672 2018 aut

124 2049 224 2102 aliis
250 2045 485 2097 debentur
504 2089 515 2108 ‚
542 2062 623 2097 aut
639 2046 721 2098 cas
716 2065 746 2097 u
778 2056 791 2078 ⁶
814 2062 1074 2098 evenerunt
1089 2067 1098 2095 :
1115 2044 1292 2096 laudari
1306 2063 1375 2096 res
1393 2044 1515 2098 leves
1527 2084 1539 2107 ,
1570 2062 1675 2116 quae
1703 2071 1716 2086 c
1727 2064 1828 2108 popule
1840 2072 1925 2101 mem„

125 2124 320 2179 laudem
339 2141 444 2173 non
460 2140 702 2175 merentur
719 2146 728 2172 :
743 2142 813 2187 ea,
829 2142 934 2195 quae
949 2123 1182 2192 voluptati
1200 2122 1311 2173 sunt
1331 2123 1505 2192 potius,
1524 2127 1674 2193 quam
1703 2115 1752 2155 ‘¹2¹2'
1764 2122 1790 2145 ‘⁰'
1810 2110 1926 2144 ‘mmm

1703 2161 1722 2192 d
1751 2172 1785 2192 ⁴n
1816 2184 1823 2198 ,
1838 2161 1844 2191 i
1877 2158 1927 2190 ite

126 2202 302 2257 honori
329 2222 339 2249 :
364 2219 415 2252 ea
441 2220 543 2272 quae
564 2200 915 2275 anegotiorurn
937 2200 1164 2252 molestiis
1192 2199 1419 2252 sevocant
1455 2200 1673 2271 Principis
1701 2160 1927 2253 dsit'dpiimtpic'a

128 2283 352 2335 animum
373 2296 452 2330 :ea
470 2314 484 2334 ,
513 2297 616 2350 quae
635 2278 789 2352 magis
805 2277 1074 2331 commoda
1103 2282 1199 2347 ejus
1234 2279 1414 2347 propria
1434 2277 1675 2347 spectant,
1701 2255 1929 2347 ss{2{‚⁷}²1{³„r,⁶sis{‘ss¹{²,”

128 2360 278 2432 quam
292 2357 484 2407 bonum
504 2355 755 2426 publicum
771 2384 783 2420 5
797 2357 848 2407 &
864 2373 1029 2407 tamen
1046 2356 1107 2408 fic
1123 2355 1419 2419 laudantem,
1435 2374 1540 2406 non
1562 2355 1677 2426 seip-
1701 2353 1910 2399 ΡΜᾸΜᾸΖ

128 2439 236 2490 sum
253 2433 334 2487 rite
348 2432 578 2484 moderari
596 2456 605 2483 :
627 2453 731 2485 non
747 2434 922 2486 tristitia
937 2431 1076 2497 affici,
1091 2452 1181 2485 nec
1200 2451 1522 2485 commonere
1550 2435 1680 2484 Prin-

130 2510 336 2586 cipem,s1
350 2510 465 2582 quid
481 2510 780 2567 indecens‚&
795 2511 995 2582 persona
1007 2511 1085 2564 sua
1099 2528 1152 2562 ac
1166 2511 1400 2580 majestate
1416 2510 1682 2586 indignum

128 2611 241 2645 eum
262 2589 570 2643 committere
585 2589 746 2640 viderit
761 2612 770 2639 z
785 2587 943 2641 immo
956 2608 1127 2640 errores
1144 2593 1315 2658 eju5,ac
1330 2589 1439 2640 vitia
1452 2590 1680 2641 excusare:

128 2668 282 2745 magis
295 2666 468 2719 deinde
485 2666 575 2718 suae
591 2668 783 2737 propriae
811 2666 992 2718 studere
1017 2667 1221 2718 fortunae
1238 2711 1248 2729 ,
1281 2665 1430 2737 quarn
1445 2666 1683 2738 obsequio

129 2747 353 2816 Principis
373 2766 382 2794 :
409 2763 616 2796 omnem
645 2744 772 2796 illius
801 2743 1083 2796 diffimulare
1106 2741 1434 2795 offensionem
1450 2788 1461 2806 ,
1482 2746 1531 2795 <Sc
1549 2745 1681 2798 fasti-

127 2825 282 2880 dium,
301 2839 352 2875 ut
366 2820 642 2875 individuus
659 2842 825 2875 comes
842 2823 965 2874 lateri
983 2823 1163 2892 semper
1177 2825 1341 2873 haereat
1361 2842 1369 2870 :
1389 2841 1493 2873 non
1509 2821 1682 2890 adjun-

127 2922 233 2976 gere
250 2901 343 2954 sese
364 2898 422 2952 ad
451 2899 574 2951 viros
590 2900 801 2957 severos,
826 2902 876 2952 ὃ(
894 2900 1014 2953 boni
1032 2899 1212 2971 publici
1234 2916 1449 2950 amantes
1467 2900 1681 2951 :laudare

129 3000 226 3044 eos,
244 2997 368 3051 quos
382 2975 559 3047 judicat
572 2996 677 3052 erga
690 2978 734 3029 se
752 2995 910 3052 gratos
922 2979 1021 3030 fore
1035 3014 1051 3035 ,
1068 2977 1189 3028 dum
1202 2997 1285 3029 eos
1299 2976 1324 3028 e
1344 2978 1563 3046 Principis
1578 2997 1681 3051 gra—

130 3057 191 3111 tia
215 3055 455 3110 exturbare
474 3073 578 3107 non
598 3055 748 3127 potest
768 3077 776 3105 ε
797 3056 1052 3129 postquam
1080 3055 1189 3109 vero
1201 3055 1260 3106 de
1275 3054 1362 3108 hac
1379 3055 1564 3108 secutus
1580 3057 1678 3108 fue-

993 3137 1039 3185 D
1056 3132 1087 3184 d
1126 3154 1146 3190 3
1610 3135 1683 3191 rit,
