2394 3768
470 321 866 363 SYMBOLA
924 319 1354 360 POLITICA.
1603 335 1673 375 533

153 396 455 448 tiusOe'tavus
475 395 693 447 Pontifex
709 393 950 445 Maximus
965 392 1154 445 dimiffo
1170 394 1414 446 interdum
1432 392 1570 450 clavo
1588 414 1675 448 na-

152 474 221 526 vis
234 469 445 524 Ecclefiae
457 510 469 533 ,
486 469 745 523 inserendis
763 470 1022 522 arbusculis
1038 470 1130 521 sese
1143 471 1434 524 obleetabat.
1465 473 1607 525 Porro
1622 475 1671 526 in

151 550 221 603 his
237 549 406 618 quietis
429 547 632 601 induciis
647 564 756 599 ante
770 550 939 597 omnia
955 548 1098 598 aetatis
1116 545 1436 621 temporisque
1451 547 1671 603 habenda

151 626 214 679 cst
233 625 368 681 ratio,
386 644 447 676 ne
463 625 662 677 hilaritas
673 621 794 675 forte
815 623 1058 686 severitati,
1072 625 1341 697 ingenuitas
1357 628 1583 698 gravitati,
1601 646 1670 680 re·

149 703 321 755 creatio
349 702 581 770 Majestati
613 716 804 752 noceat.
842 701 1098 754 Enimvero
1125 700 1431 753 relaxationes
1447 704 1667 775 quaedam

149 779 362 833 vilescere
378 780 561 832 faciunt
589 779 810 830 animum
827 822 840 842 ‚
866 779 914 828 ὅ(
931 778 1152 849 Principis
1182 779 1514 833 auetoritatem
1542 781 1668 834 haud

144 875 310 928 parum
331 857 651 908 imminuunt.
687 857 884 928 ltaRegi
918 856 1146 907 Artaxerxi
1181 854 1355 926 probro
1381 856 1473 908 suit
1500 858 1669 912 colum

147 934 317 986 ducere
337 934 577 1007 :Augusto
590 976 604 997 ,
619 931 780 984 ludere
796 951 872 1003 par
889 933 1039 1002 impar
1056 951 1168 984 curn
1185 934 1364 1004 pueris:
1383 936 1670 988 Domitiano

146 1012 334 1064 muscas
351 1011 612 1085 configere:
630 1009 881 1063 Solimano
896 1007 1145 1063 efformare
1162 1029 1271 1063 acus
1290 1054 1304 1075 ,
1335 1012 1385 1062 ὃς
1400 1012 1567 1064 Selino
1585 1032 1670 1065 acu

146 1090 353 1163 pingere.
391 1089 436 1140 Si
452 1091 669 1158 Princeps
685 1086 840 1140 adhuc
865 1104 994 1140 aetate
1013 1086 1178 1140 floreat
1202 1133 1215 1151 ,
1255 1088 1395 1140 nullae
1424 1092 1674 1143 recreatio-

148 1186 232 1220 nes
250 1166 466 1219 meliores
498 1164 744 1240 magisque
764 1167 903 1216 utiles
928 1209 940 1228 ‚
967 1164 1115 1236 quam
1145 1182 1249 1238 quae
1276 1167 1423 1220 animi
1456 1168 1670 1240 vigorem

149 1260 348 1318 augent,
376 1245 424 1295 δε
454 1246 567 1298 vires
596 1242 805 1314 corporis
840 1242 1176 1306 corroborant3
1221 1260 1272 1296 ut
1298 1244 1407 1296 sunt
1426 1262 1671 1296 armorum

147 1322 360 1375 exercitia
379 1365 392 1385 ,
431 1320 727 1374 decurfiones
745 1320 973 1392 equestres
990 1353 1006 1375 ‚
1033 1319 1215 1372 saltatio
1241 1322 1523 1377 numerosa,
1541 1322 1670 1374 lusus

149 1399 253 1472 pilae
265 1398 527 1472 grandioris
545 1444 557 1464 ,
591 1399 860 1451 &venatio
892 1397 1250 1449 Artesitemillae
1265 1399 1453 1451 nobiles
1474 1443 1485 1463 ,
1511 1401 1669 1470 pieto-

148 1478 212 1528 ria
228 1478 276 1527 δε
293 1476 470 1529 musica
490 1521 502 1541 ‚
524 1494 641 1549 quas
669 1473 777 1526 alibi
794 1476 845 1526 in
866 1475 1083 1545 Principis
1099 1474 1385 1529 educatione
1410 1494 1669 1531 commen-

107 1617 111 1623 ι
148 1554 367 1605 davirnus
384 1599 397 1618 ,
429 1555 716 1606 conducunt
742 1551 1004 1622 plurimum
1020 1552 1078 1603 ad
1101 1553 1431 1606 instaurandos
1457 1554 1636 1624 spiritus
1655 1598 1666 1617 ‚

151 1649 276 1702 quos
301 1632 610 1704 negotiorum
639 1631 840 1682 attentio
868 1629 1127 1699 absumpsit
1146 1674 1159 1694 ‚
1184 1631 1341 1684 modo
1365 1633 1417 1684 in
1438 1632 1531 1684 illis
1560 1650 1667 1683 non

148 1707 454 1777 impendatur
470 1725 686 1778 tempus,
705 1706 838 1777 quod
857 1724 974 1758 curae
991 1707 1188 1775 publicae
1203 1707 1285 1761 fibi
1302 1708 1560 1763 vendicant
1573 1743 1589 1764 ‚
1617 1710 1668 1758 δε

147 1783 200 1836 ea
216 1783 296 1835 fiat
318 1784 679 1838 moderatione,
695 1779 843 1853 quarn
861 1785 959 1832 Rex
979 1781 1253 1850 Alphonsus
1269 1785 1319 1846 in
1338 1783 1546 1856 quadam
1566 1786 1668 1859 lege

147 1860 412 1933 praescripsit
447 1882 460 1911 ε
488 1860 544 1912 E
547 1877 761 1933 magner,
787 1875 875 1931 que
885 1855 1003 1908 cada
1026 1877 1122 1909 una
1134 1857 1289 1911 defias
1299 1860 1428 1933 fnest’
1438 1859 1669 1933 fallacia-‚2
1691 1872 1734 1908 L.
1750 1884 1795 1907 21.
1817 1883 1855 1907 a.
1875 1882 1890 1917 s

143 1954 254 2013 para
277 1936 379 1992 bien
398 1983 409 2002 ‚
430 1956 509 1991 con
536 1937 641 1989 todo
667 1935 731 2008 eso
746 1955 803 1989 no
816 1930 926 1986 debe
957 1931 1088 1987 home
1101 1933 1243 1988 dellas
1264 1938 1369 2010 usar
1383 1981 1396 2002 ,
1409 1937 1456 2011 si
1478 1957 1536 1997 no
1555 1957 1611 1991 en
1626 1939 1673 1992 el
1694 1932 1726 1968 P·
1747 1933 1776 1955 ²'

147 2019 311 2089 tiempo
327 2059 338 2079 ‚
353 2034 440 2089 que
451 2017 670 2067 conviene
687 2055 700 2077 ,
724 2033 747 2064 e
763 2011 819 2064 de
834 2030 1022 2063 manera
1041 2056 1052 2076 ‚
1078 2032 1169 2086 que
1180 2031 1355 2091 ayapro
1372 2061 1384 2078 ,
1401 2035 1424 2067 e
1435 2035 1493 2067 no
1514 2014 1635 2068 das'z'o
1651 2063 1664 2082 ,

147 2111 171 2144 e
185 2111 290 2143 mas
311 2094 530 2144 convient>
553 2090 638 2162 esto
654 2108 686 2140 a
707 2087 771 2140 los
797 2089 969 2161 chyes,
994 2107 1123 2161 quea
1137 2087 1199 2140 los
1223 2104 1335 2143 otros
1361 2090 1514 2157 homes.
1528 2127 1543 2147 ,
1566 2109 1664 2145 αι..)

147 2167 248 2221 ellos
262 2166 401 2222 deben
413 2167 566 2241 faur
583 2164 653 2219 las
683 2168 800 2240 cosas
814 2166 913 2218 mui
927 2162 1306 2220 ordenadamente
1324 2212 1337 2232 ,
1364 2188 1388 2220 e
1399 2188 1479 2221 con
1495 2187 1658 2224 razon.

145 2250 247 2299 Rex
272 2244 595 2298 Ferdinandus
609 2242 889 2296 Catholicus
904 2257 1002 2292 tam
1022 2241 1195 2295 utiliter
1220 2250 1389 2298 animo
1405 2246 1661 2300 relaxando

146 2324 367 2379 vacabat,
408 2339 459 2375 ut
485 2340 545 2374 ne
570 2338 677 2373 turn
698 2319 895 2393 quidem
912 2320 1334 2391 negotiaornnino
1349 2342 1402 2375 ex
1425 2324 1575 2376 oculis
1589 2325 1660 2377 di-

147 2404 380 2455 mitteret:
407 2418 523 2452 nam
541 2400 684 2451 etiam
701 2400 822 2450 durn
839 2396 1085 2450 venationi
1113 2397 1259 2452 dabat
1274 2418 1472 2471 operam
1492 2446 1504 2467 ‚
1535 2421 1661 2454 aures

143 2479 349 2532 habebat
373 2475 635 2548 plurimum
663 2490 863 2528 attentas
886 2470 946 2526 ad
970 2474 1292 2545 expeditiones
1319 2523 1332 2543 ,
1359 2496 1474 2551 quas
1509 2481 1664 2531 Secre-

144 2558 285 2608 tarius
303 2557 469 2627 aliquis
481 2555 520 2607 ei
538 2552 810 2628 praelegebat
834 2596 848 2617 ‚
874 2548 1029 2603 oculis
1051 2551 1161 2606 vero
1187 2554 1429 2608 ardearum
1456 2557 1553 2609 una
1576 2577 1664 2610 vo-

121 2633 294 2687 latum
320 2632 615 2686 observabat.
638 2627 1189 2684 EmmanuelLufitaniae
1217 2635 1316 2684 Rex
1345 2653 1406 2685 ne
1431 2634 1482 2685 in
1509 2637 1662 2688 maxi-

142 2712 236 2764 mis
258 2708 459 2783 quidem
499 2709 647 2760 animi
677 2703 1027 2780 remissionibus
1070 2709 1364 2762 audientiam
1392 2713 1663 2782 petentibus

141 2788 425 2863 denegabat.
467 2789 608 2857 Super
633 2786 832 2857 ipsamet
857 2786 1048 2856 negotia
1073 2787 1284 2859 quietem
1317 2805 1506 2859 captare,
1528 2792 1660 2843 Prin-

134 2868 297 2937 cipem
322 2881 512 2935 oportet
531 2908 543 2926 ‚
580 2863 776 2936 qualem
805 2862 924 2915 solet
948 2862 1216 2933 Delphinus
1245 2864 1388 2917 dorso
1414 2866 1546 2938 super
1563 2888 1659 2922 un-

141 2944 223 2995 das
241 2943 502 2998 reclinato,
519 2941 568 2992 id
596 2939 731 3013 quod
756 2940 932 2992 facitin
962 2940 1182 2993 altissimo
1199 2943 1347 3006 mari,
1376 2942 1524 3015 quarn
1542 2944 1656 2998 lon-

137 3019 318 3097 giffime
334 3022 359 3072 a
385 3017 646 3093 tranquillo
669 3033 826 3091 portu.
843 3019 1014 3072 Otium
1029 3020 1117 3070 effe
1134 3037 1242 3072 non
1268 3019 1427 3084 debet,
1443 3019 1520 3073 sed
1538 3022 1658 3077 laxa-

138 3115 381 3153 mentum.

950 3177 985 3225 Y
1011 3193 1040 3246 y
1075 3193 1094 3231 3
1517 3179 1660 3233 §.Ex-
