2394 3768
656 318 733 369 35ss
1041 289 1350 346 D115ACI
1430 300 1881 342 sAAvEDRAE

655 382 820 438 fideles
838 394 944 428 non
962 373 1178 426 sunt.1ta
1194 367 1415 423 confidat
1431 370 1666 440 PrincePS,
1682 388 1736 422 ut
1749 369 1899 423 fidem
1912 368 2108 434 habeat5
2128 387 2213 425 ve·-

652 471 912 515 runtamen
930 469 1038 503 non
1054 447 1153 501 fine
1166 448 1311 499 omni
1325 446 1626 519 deceptionis
1642 465 1792 503 metu,
1812 464 1891 500 aut
1905 448 2209 502 dubitatione

656 535 841 591 saltem.
883 532 1043 601 Atque
1069 525 1170 578 haec
1199 523 1441 577 dubitatio
1465 544 1573 577 non
1603 524 1828 577 retardare
1844 525 1983 578 illum
2001 526 2143 578 debet
2158 526 2214 578 in

653 614 745 667 suo
761 626 919 681 opere,
935 605 1015 659 sed
1035 601 1199 657 solum
1219 620 1560 656 commonere.
1581 601 1649 653 Ni
1667 601 1929 666 dubitaret,
1949 603 2215 656 incuriosus

655 687 782 752 effer,
797 707 852 740 ac
869 682 1136 759 negligens,
1154 678 1389 732 Dubitare
1401 725 1415 746 ,
1447 681 1609 735 cautio
1624 679 1846 752 quaedam
1863 679 1951 744 est,
1969 698 2071 752 quae
2085 681 2218 734 secu-

657 786 769 823 rum
784 783 900 819 eum
911 761 1093 820 redditg,
1111 775 1202 811 nec
1220 755 1349 809 aliud
1366 801 1378 822 ‚
1395 758 1545 830 quam
1563 776 1632 809 res
1653 758 1680 809 s
1675 759 1743 810 uis
1758 759 1968 810 invicem
1983 776 2220 810 momen-

660 847 722 899 tis
732 840 1009 915 expendere.
1059 836 1167 904 Qi
1184 853 1292 886 non
1309 834 1500 889 dubitat
1517 881 1529 902 ,
1548 837 1795 890 veritatem
1812 829 1984 910 affequi
2003 853 2110 888 non
2129 854 2216 906 po-

659 922 765 980 test.
783 924 859 974 Sic
872 914 1106 979 confidat,
1122 931 1361 985 tanquam
1377 913 1584 967 crederet
1601 912 1691 975 5s1c
1708 912 1909 970 diffidat,
1931 932 2165 985 tanquam
2185 912 2220 965 fi

661 1000 815 1054 fidem
846 1014 953 1049 non
980 992 1186 1045 haberet.
1232 996 1567 1062 Attemperatae
1582 990 1635 1043 ea
1650 992 1835 1044 ratione
1863 994 1984 1044 inter
1998 992 2043 1043 se
2063 990 2220 1044 confi·

661 1078 842 1139 dentia,
858 1075 910 1125 &
925 1068 1206 1133 diffidentia,
1219 1088 1273 1121 ac
1288 1067 1474 1120 direstae
1491 1071 1517 1121 a
1530 1070 1714 1121 ratione
1727 1070 1772 1118 ὅ(
1789 1068 2055 1140 prudentias
2075 1070 2222 1121 miros

664 1153 919 1210 habebunt
945 1146 1160 1202 effeetus.
1204 1149 1390 1199 Cautus
1408 1147 1550 1220 igitur
1578 1145 1629 1198 sit
1651 1151 1866 1218 Princeps
1892 1149 1943 1200 in
1959 1147 2218 1200 tractandis

666 1231 874 1307 negotiis
890 1272 902 1293 ‚
922 1229 973 1280 in
992 1224 1252 1279 foederibus
1271 1223 1542 1278 sanciendis
1557 1269 1569 1288 ,
1595 1227 1646 1277 in
1665 1244 1778 1295 pace
1794 1223 2099 1278 conficienda
2117 1265 2130 1289 ,
2167 1227 2220 1277 ὃς

664 1311 945 1363 traCtatibus
960 1304 1164 1377 aliiS‚qui
1182 1302 1241 1356 ad
1255 1303 1669 1375 gubernationem
1683 1303 1941 1374 pertinent,
1957 1304 2006 1353 &
2025 1303 2057 1352 fi
2072 1303 2220 1373 spon·

664 1388 800 1445 fione
817 1381 991 1438 manus
1009 1380 1337 1435 confirmandi
1355 1381 1384 1432 ii
1398 1380 1593 1443 fuerint,
1609 1399 1785 1432 manus
1803 1380 1994 1432 oculata
2010 1379 2223 1451 sitopor-

665 1482 735 1522 tet
751 1466 849 1537 (uti
869 1462 1066 1534 praesens
1087 1459 1344 1512 Emblema
1358 1457 1576 1529 exhibet)
1598 1477 1703 1530 quae
1719 1460 1830 1510 ante
1844 1457 1999 1513 videat
2015 1457 2224 1533 diligen-³

669 1561 756 1610 ter,
770 1542 888 1617 quid
903 1556 1024 1615 agat.
1040 1538 1165 1590 Non
1183 1536 1296 1590 solis
1313 1539 1551 1588 Amatoris
1567 1535 1796 1608 promiffis
1814 1534 2099 1590 movebatur
2113 1536 2224 1590 lena

668 1622 750 1677 illa
767 1618 891 1693 apud
915 1621 1154 1680 Plautum,
1167 1634 1274 1688 quae
1285 1615 1437 1687 ajebat
1452 1636 1462 1660 τ
1476 1616 1702 1677 Manus
1713 1614 1857 1687 nostra
1871 1612 2224 1687 oculastaeficnta1

668 1699 856 1755 credunt
868 1695 992 1772 quod
1002 1693 1295 1750 ‘vidam-‚Et
1312 1692 1421 1744 alibi
1440 1693 1570 1744 diem
1589 1692 1842 1744 oculatum
1859 1693 2063 1764 appellat
2078 1736 2090 1757 ‚
2119 1712 2224 1765 quo

673 1775 872 1831 nonnisi
898 1770 1052 1844 parata
1079 1770 1373 1823 vendebatur
1400 1811 1413 1831 ‚
1442 1766 1786 1841 emebaturque
1813 1769 2026 1839 pecunia
2073 1772 2115 1820 C
2119 1789 2226 1824 oeca

671 1855 786 1907 sunt
802 1851 953 1904 animi
966 1849 1167 1909 decreta,
1183 1865 1288 1920 quae
1308 1865 1361 1897 ex
1379 1845 1479 1897 sola
1496 1845 1620 1897 fiunt
1636 1845 1950 1900 confidentia.
1982 1846 2227 1922 Pythago*

669 1950 729 1984 1ae
752 1927 1038 2004 symbolum
1054 1926 1143 1977 fuit
1159 1968 1173 1989 ,
1215 1943 1322 1976 non
1353 1924 1499 1976 cuivis
1515 1922 1653 1975 facile
1667 1923 1881 1977 dandam
1896 1924 1984 1976 esse
1997 1943 2223 1979 manum.

667 2009 832 2061 Nimis
846 2003 1170 2077 periculosum
1188 2002 1253 2055 est
1269 2037 1286 2059 ‚
1303 2001 1464 2054 leviter
1483 2000 1720 2053 omnibus
1740 2001 1898 2055 fidere.
1939 2001 2225 2056 Consideret

664 2088 826 2158 itaque
845 2085 1062 2151 Princeps
1074 2080 1219 2132 etiam
1235 2094 1378 2151 atque
1393 2081 1557 2138 etiam,
1572 2077 1658 2149 qui
1674 2080 1879 2152 negotiis
1894 2080 1939 2131 se
1954 2079 2223 2151 impendat,

662 2165 713 2215 &
734 2162 903 2216 habeat
920 2178 1006 2231 pro
1023 2155 1271 2228 explorato
1287 2202 1300 2221 ,
1315 2175 1492 2208 omnes
1510 2154 1604 2206 rere
1619 2153 1708 2208 five
1724 2158 1908 2209 amicos
1923 2190 1940 2213 ‚
1961 2156 2051 2210 five
2068 2157 2225 2211 hostes

665 2241 714 2295 id
730 2237 1043 2299 contendere,
1059 2251 1112 2287 ut
1126 2234 1316 2298 fallant,
1332 2234 1408 2286 alii
1424 2234 1638 2308 graviter,
1664 2233 1823 2286 leviter
1841 2234 1929 2287 alii.
1954 2234 2046 2287 Alii
2063 2251 2115 2287 ut
2130 2236 2226 2289 sce—

667 2336 774 2392 ptro
786 2319 836 2368 &
854 2315 1061 2368 fortunis
1078 2330 1191 2364 eum
1208 2312 1451 2383 expolient
1462 2339 1476 2375 3
1507 2310 1582 2363 alii
1600 2326 1653 2363 ut
1668 2310 2061 2366 benevolentiam
2079 2356 2092 2378 ,
2113 2332 2222 2389 gra-⁶

667 2400 785 2452 tiam
803 2396 851 2445 ὅ(
869 2395 1082 2449 favorem
1105 2389 1231 2443 illius
1246 2390 1328 2443 sibi
1348 2388 1626 2444 concilient.
1669 2392 1791 2440 Non
1808 2389 1919 2442 ideo
1936 2407 2100 2443 tamen
2114 2391 2224 2463 opi*

669 2476 757 2529 nio
772 2473 929 2525 isthaec
941 2470 1223 2542 praesumpta
1238 2469 1430 2521 malitiae
1445 2468 1606 2522 servire
1620 2466 1778 2532 debet,
1798 2469 1848 2519 δε
1866 2467 2019 2521 fraudi
2038 2507 2054 2532 ,
2066 2471 2222 2540 perin-

670 2553 731 2606 de
748 2549 876 2624 quasi
891 2552 944 2604 in
962 2548 1185 2617 Principis
1208 2547 1318 2598 effer
1335 2547 1528 2599 arbitrio
1544 2592 1556 2610 ‚
1599 2544 1714 2598 stare
1746 2548 2002 2598 conventis
2029 2566 2083 2599 ac
2109 2566 2220 2619 pro-

672 2630 815 2684 missis
831 2672 844 2693 ,
860 2644 940 2681 aut
954 2626 1121 2679 eadem
1139 2643 1224 2695 pro
1239 2623 1378 2677 libitu
1393 2623 1592 2677 violare:
1609 2622 1671 2676 fic
1686 2623 1819 2674 enim
1834 2622 1950 2676 fides
1962 2626 2222 2677 turbaretur

672 2707 864 2781 publica
875 2752 888 2771 ‚
918 2708 966 2757 ὅ(
979 2701 1334 2779 grandissimam
1348 2701 1682 2754 existimationi
1701 2701 1790 2752 suae
1805 2701 2048 2754 maculam
2071 2707 2237 2773 asper-‘

675 2802 817 2861 geret.
840 2785 1018 2836 Cautio
1033 2781 1117 2833 ista
1132 2779 1252 2832 nibil
1267 2779 1395 2831 aliud
1409 2778 1496 2830 effe
1511 2778 1651 2830 deber
1666 2813 1685 2834 2-
1708 2797 1760 2831 ac
1779 2777 1983 2847 prudens
2000 2779 2219 2852 quaedam

678 2863 1061 2932 circumspectio,
1078 2860 1128 2909 δε
1145 2856 1395 2928 prudentia
1411 2856 1620 2926 politica.
1651 2853 1984 2908 Diffidentiam
2003 2876 2056 2909 ex
2073 2857 2220 2928 suspi-

682 2940 826 2993 cione
842 2935 1346 3007 ortamimprobarnus
1363 2936 1413 2985 in
1433 2934 1639 3002 Principe
1658 2977 1670 2995 ‚
1691 2932 1721 2984 si
1738 2933 1850 2987 levis
1866 2934 1917 2986 fit
1937 2979 1948 2998 ‚
1963 2937 2010 2985 ἃ
2028 2934 2190 2988 vitiosa
2205 2973 2222 2999 ,›

683 3035 789 3089 quae
803 3015 935 3067 illico
951 3015 1059 3066 suos
1075 3011 1233 3083 prodit
1248 3010 1446 3064 effeetus
1467 3056 1478 3074 ‚
1491 3011 1539 3060 ὃ(
1557 3009 1614 3061 ad
1632 3013 1966 3063 executionem
1983 3012 2222 3085 progredi-

686 3111 783 3160 tur3
802 3112 908 3146 non
925 3091 1320 3162 circumspectam
1337 3088 1486 3154 illam,
1499 3089 1549 3140 ὃ(
1569 3088 1878 3143 universalem
1893 3123 1910 3146 2
1936 3109 2039 3162 quae
2051 3108 2225 3142 omnes

2073 3184 2230 3238 aequa-⁴
