2394 3768
383 267 778 308 SYMBOLA
859 267 1293 310 POLITICA.
1589 284 1612 321 9

71 333 110 386 ci
124 367 139 388 ,
160 332 213 384 iis
233 331 502 402 supremam
521 351 728 385 manum
746 334 928 384 Natura
946 333 1042 404 ipsa
1059 353 1165 387 non
1181 334 1410 406 imponit.
1435 335 1510 387 Sic
1525 332 1616 387 ho-

20 467 23 470 ,
71 410 260 462 minem
275 409 404 462 nasci
419 408 636 464 videmus
651 410 816 462 omnis
829 413 1043 464 omnino
1055 410 1297 465 idiomatis
1308 415 1356 463 δε
1371 412 1616 486 cognitio·

71 489 144 547 nis
161 502 417 557 expertem,
434 504 492 540 ‚ut
504 489 555 540 in
568 486 778 559 ejusdem
794 487 962 539 animo
975 488 1168 547 deinde,
1181 489 1311 543 velut
1326 491 1376 542 in
1390 489 1484 544 rasa
1499 487 1617 563 qua-

69 564 184 616 dam
211 562 418 621 tabula,
441 565 677 618 institutio
702 584 756 617 ac
783 564 1004 617 doctrina
1034 569 1330 637 optimarum
1356 569 1528 621 artium
1562 567 1615 617 &

69 640 376 701 scientiarum
393 640 622 717 depingat
634 642 871 716 imagines
885 677 902 698 ‚
944 644 994 693 δε
1008 647 1523 698 morum-documenta
1536 645 1617 697 in-

69 718 240 771 scribat
286 718 510 773 educatio
537 747 552 784 3
588 738 695 771 non
722 719 902 792 absque
929 719 1103 795 insigni
1131 721 1355 774 humanae
1383 723 1617 775 societatis

70 795 417 848 emolumento
435 819 444 847 :
463 797 527 849 ita
543 797 677 850 enim
696 796 767 860 fit,
781 814 835 849 ut
851 797 972 849 dum
991 799 1105 850 alter
1123 799 1318 852 alt-erius
1332 816 1435 875 eget
1448 798 1589 870 operti
1605 842 1618 863 ,

72 890 250 925 mutuo
268 876 443 926 amoris
457 876 508 924 &
522 874 824 948 gratitudinis
845 894 970 926 nexu
990 875 1150 950 magis
1166 871 1380 931 invicem>
1390 875 1620 929 mortales

73 951 379 1021 copulentur.
403 948 639 1005 Omnibus
657 953 857 1005 Naaetura
874 952 1184 1022 fundamenta
1198 953 1326 1008 dedit
1330 954 1617 1029 ftme‘nque)
1648 965 1766 1019 Seneca
1784 965 1828 1001 E⁴¹

68 1031 332 1093 virtutum5
359 1048 513 1082 omnes
523 1029 682 1101 adistat
695 1032 851 1095 omnia
864 1030 1144 1101 nastifitmus
1159 1075 1172 1095 ‚
1196 1029 1303 1084 ciam
1319 1034 1617 1086 irritatorac-
1648 1015 1719 1060 pm·
1740 1029 1792 1050 ¹⁰·

68 1105 204 1178 cessit,
217 1119 325 1159 tunc
336 1105 413 1160 illa
423 1109 580 1160 animi
595 1105 711 1158 bona
724 1104 856 1158 velut
865 1106 1008 1182 fhpita
1019 1111 1296 1165 excitantur.
1312 1108 1401 1161 Sed
1417 1109 1574 1162 statim
1591 1108 1617 1160 a

71 1185 242 1236 teneris
257 1184 305 1235 id
324 1184 403 1236 fiat
419 1183 748 1254 oportet‚dum
763 1186 955 1237 animus
970 1185 1029 1237 ad
1046 1204 1253 1238 omnem
1269 1187 1621 1239 formationem

70 1259 224 1336 magis
241 1261 446 1314 idoneus
462 1262 525 1313 est
548 1305 560 1325 ,
581 1261 730 1334 atque
742 1261 801 1313 ad
817 1261 1086 1332 disciplinas
1105 1262 1357 1334 capiendas
1370 1265 1435 1316 ita
1448 1264 1613 1327 facilis,

70 1356 125 1391 ut
137 1337 292 1413 magis
307 1338 662 1401 reminiscendo
679 1357 753 1390 eas
768 1338 1197 1392 recolere'videatur
1214 1383 1227 1402 ‚
1245 1341 1394 1410 quam
1407 1339 1619 1409 primurn

73 1415 314 1470 addiscere
324 1436 342 1481 ,·
361 1414 473 1487 ‘qho
490 1431 779 1490 argumento
801 1414 975 1465 animae
989 1414 1410 1466 immortalitatem
1426 1415 1619 1468 divinus

72 1493 210 1546 Plato
224 1545 228 1547 ,
241 1493 488 1548 astruebat.
520 1489 675 1563 Qod
688 1489 720 1541 si
739 1508 792 1542 ea
810 1506 918 1542 cura
930 1490 982 1541 in
995 1505 1128 1542 aetate
1141 1489 1294 1561 prim&
1323 1490 1590 1567 negligatur
1605 1538 1619 1559 ‚
1651 1505 1744 1541 Plato
1756 1507 1796 1542 de
1808 1509 1872 1558 An,

73 1568 467 1639 affectussensussn
481 1568 597 1623 vires
626 1567 861 1623 sumunt,
888 1567 940 1619 &
963 1566 1308 1622 inclinationes
1333 1569 1435 1621 suas
1461 1588 1623 1641 pravas

72 1645 406 1702 adeofirmiter
419 1644 712 1716 imprimunt
722 1643 980 1710 voluntati,
993 1661 1048 1697 ut
1065 1645 1201 1699 nulla
1218 1646 1323 1719 post
1335 1645 1627 1704 educatione

67 1723 257 1781 valeant
273 1723 455 1798 corrigi.
485 1723 602 1776 Vrsa
612 1725 738 1775 *mox
766 1720 826 1774 ab
842 1721 947 1794 ipso
961 1737 1097 1794 partu
1121 1722 1399 1779 informem
1413 1726 1589 1779 foetum
1607 1762 1626 1784 ,

71 1802 194 1855 dum
213 1800 377 1871 mollis
389 1799 547 1853 adhuc
560 1800 626 1852 est
643 1844 657 1866 ,
678 1799 1136 1854 circumlambendo
1150 1800 1332 1872 perficit
1349 1846 1361 1867 ‚
1374 1804 1425 1854 δε
1441 1803 1631 1879 effingit

70 1879 520 1943 membra‚omnem
536 1878 644 1931 alias
658 1876 892 1950 perditura
908 1897 1121 1950 operam,
1140 1879 1174 1930 fi
1191 1880 1485 1935 indurescere
1501 1882 1628 1934 fine-

70 1975 156 2011 ret.
187 1957 528 2028 Sapientiffi‘me
550 1977 665 2010 meo
692 1955 892 2030 quidem
919 1956 1104 2026 judicio
1130 1960 1370 2011 Persarum
1402 1963 1555 2034 Reges
1573 1961 1627 2012 iis

69 2035 432 2108 praeceptoribus
460 2037 511 2086 ὅ(
538 2035 768 2110 magistris
794 2033 920 2087 filios
938 2035 1048 2087 suos
1063 2035 1124 2087 ab
1149 2037 1460 2089 incunabulis
1486 2057 1627 2091 com-

72 2114 333 2166 mittebant
351 2157 363 2177 ,
395 2114 573 2186 quibus
597 2114 754 2184 primo
771 2114 916 2164 aetatis
933 2113 1186 2184 septennio
1204 2115 1500 2166 efformandi
1519 2122 1626 2168 cot·

71 2193 195 2264 poris
212 2226 229 2247 ,
253 2191 402 2244 altero
415 2191 527 2243 dein
554 2190 767 2263 ejusdem
785 2188 924 2262 porro
941 2190 1285 2244 corroborandi
1305 2212 1551 2245 armorum
1573 2195 1624 2245 δε

71 2269 399 2345 pugillationis
427 2271 648 2323 exercitio
664 2288 772 2322 cura
794 2268 1098 2321 incumberet
1115 2292 1124 2320 ;
1143 2286 1250 2321 tum
1283 2269 1488 2324 demum
1505 2289 1625 2344 qua—

73 2365 181 2400 tuor
193 2347 310 2399 alios
323 2348 446 2400 viros
462 2346 728 2400 selectiores
744 2348 798 2399 iis
817 2346 1146 2418 adjungebant
1161 2392 1174 2412 ,
1209 2350 1291 2421 qui
1307 2369 1389 2402 eos
1405 2347 1622 2402 effeeturi

73 2424 221 2500 quarn
238 2425 454 2495 optimos
476 2425 795 2478 crederentur.
823 2427 879 2476 Et
894 2428 1076 2496 primus
1093 2425 1294 2498 quidem
1309 2471 1321 2491 ‚
1339 2427 1621 2479 eruditionis
1686 2458 1691 2463 ·

74 2503 216 2556 laude
232 2502 427 2577 insignis
459 2503 610 2556 literas
639 2501 866 2554 tradebat·
893 2503 1144 2556 Secundus
1161 2547 1174 2567 ‚
1191 2505 1258 2559 vir
1273 2503 1551 2556 moderatus
1565 2510 1638 2556 ac‘

74 2579 280 2653 prudens
319 2599 473 2654 regere
511 2580 721 2634 docebat
746 2615 763 2636 ‚
807 2580 858 2630 ὅ(
889 2579 1080 2632 fraenare
1122 2582 1369 2651 appetitus,
1409 2582 1594 2633 Tertius
1610 2624 1624 2645 ‚

73 2658 196 2731 aequi
236 2658 444 2730 rectique
472 2678 642 2711 amans
672 2657 852 2729 justitiae
878 2655 1265 2710 administrandae
1289 2676 1521 2710 normam
1549 2659 1624 2710 in-

73 2734 304 2790 culcabat.
348 2736 563 2802 Qartus
589 2736 834 2809 denique,
869 2735 1051 2810 egregie
1076 2736 1234 2791 fortis,
1264 2736 1316 2786 &
1338 2753 1493 2788 rerum
1525 2735 1625 2788 bel-

73 2814 274 2868 licarum
317 2814 527 2885 apprime
554 2816 725 2886 peritus
750 2815 802 2866 in
830 2813 1090 2884 disciplinis
1126 2812 1405 2866 militaribus
1428 2813 1627 2867 instrue-

75 2892 175 2955 bat,
192 2891 403 2959 maxime
417 2891 526 2946 vero
540 2892 793 2946 imbellem
822 2907 1014 2944 metum
1028 2889 1409 2944 &formidinem
1428 2935 1440 2955 ‚
1455 2890 1626 2942 additis

73 2971 220 3023 etiam
248 2967 308 3021 ad
348 2969 556 3045 gloriam
603 2969 803 3025 stimulis
830 3013 843 3034 ‚
884 2969 1156 3022 eorundem
1188 2971 1362 3021 animis
1406 2968 1627 3021 studebat

74 3047 299 3101 adimere.

1475 3121 1622 3179 §.Est
