2394 3768
482 308 875 351 s-YMBOL'A
932 312 1370 356 POLITICR.
1609 316 1692 375 δη

163 381 219 429 ut
260 393 466 448 quoquo
503 376 660 428 modo
703 390 997 446 procuraret,
1025 380 1333 455 omnemque
1367 383 1692 439 aemulationis

165 455 369 507 caussam
390 455 596 506 emedio
625 455 838 520 tolleret,
867 455 1063 511 deditis)
1095 460 1334 513 mandatis
1362 462 1613 517 'Go'nsalvo
1629 463 1691 518 de

162 533 394 585 Corduba
413 578 424 596 ,
443 550 491 584 ut
510 532 538 583 si
559 532 713 603 (quod
732 551 915 585 certum
932 534 1224 608 habebatur)
1245 539 1579 612 Casalumjam
1599 562 1688 595 oc-

161 611 382 682 cupass'et‚
399 611 604 663 eandem
625 611 792 663 urbem
810 610 1017 666 nomine
1035 618 1335 688 Imperator-is
1354 661 1366 682 ,
1383 619 1547 671 directi
1564 619 1688 673 illius

157 690 386 745 Domini,
405 706 608 741 tueretur
625 688 764 740 millis
779 690 967 761 insuper
984 691 1123 745 literis
1137 694 1350 764 ejusdem
1372 697 1690 771 tenoris‚quas

157 766 210 818 in
230 767 431 820 talicasu
465 767 522 817 ad
543 768 677 820 suam
706 769 965 821 Caesarearn
983 772 1282 842 Maiestatem
1298 774 1394 845 ipse
1421 774 1684 828 destinarem

157 844 341 897 Verum
361 845 471 897 cum
489 849 713 897 tractatus
734 845 812 896 ille
833 847 1038 900 minime
1051 849 1344 913 succederet,
1377 851 1555 925 absque
1577 857 1690 906 Ma—

157 924 330 993 jestatis
343 921 560 992 suaejufl‘u
576 923 805 975 Casalurn
825 924 1078 977 obsidione
1096 927 1260 984 cinxit,
1276 927 1405 981 unde
1420 930 1690 994 facturum

153 1004 255 1053 Rex
281 1004 482 1053 Francia:
502 1001 668 1052 Susam
694 1001 934 1054 advolaret
954 1047 966 1066 ,
990 1005 1041 1054 <Sc
1057 1006 1285 1075 Hispania
1305 1023 1463 1077 praeter
1491 1008 1690 1081 opinio·²

155 1098 273 1131 nem
293 1079 426 1131 bello
443 1079 791 1149 implicaretur,
823 1080 981 1150 palam
996 1083 1244 1151 protestata
1261 1087 1420 1155 copias
1436 1086 1540 1138 istas
1557 1089 1688 1139 mili-a

152 1174 272 1209 tares
288 1157 496 1207 nonnisi
527 1157 768 1209 auxiliares
786 1155 872 1207 else
889 1159 1079 1212 Caesaris
1093 1206 1105 1223 ,
1135 1179 1186 1212 ut
1202 1160 1271 1214 via
1296 1164 1478 1232 justitiae
1495 1164 1693 1217 decide-

151 1254 274 1287 retur
296 1236 356 1286 de
385 1236 563 1305 juribus
584 1279 595 1298 ‚
623 1255 727 1307 quae
745 1237 978 1288 nonnulli
1007 1239 1057 1288 in
1076 1241 1381 1292 Monferrato
1410 1243 1455 1292 ὃ(
1490 1244 1686 1296 Ducatti

151 1317 435 1366 Mantuano
449 1312 531 1365 fibi
549 1330 821 1383 competere
835 1314 1426 1379 affirmabant5Gonsalvus
1441 1320 1551 1372 vero
1565 1340 1686 1373 con-

149 1392 391 1444 ditionem
409 1431 421 1452 2
437 1410 584 1463 quarn
605 1394 712 1442 Dux
729 1395 1032 1444 Nivernenlis
1047 1395 1110 1445 illi
1130 1393 1361 1448 offerebat
1379 1442 1391 1461 ‚
1410 1398 1469 1448 de
1488 1399 1685 1450 nudan-

150 1471 219 1522 do
239 1470 487 1521 moenibus
504 1471 680 1520 casalo
698 1515 709 1534 ,
740 1474 987 1523 admittere
1009 1492 1266 1546 nunquam
1285 1475 1468 1539 voluit,
1502 1495 1564 1529 ne
1581 1476 1687 1529 cui-

148 1551 278 1621 piam
298 1548 420 1598 torte
448 1547 713 1604 videretur,
744 1548 1044 1619 Maiestatem
1080 1551 1211 1603 suam
1230 1555 1393 1623 privati
1426 1553 1686 1606 commodi

145 1626 292 1702 gratia
312 1627 484 1691 pontu,
501 1624 648 1696 quain
666 1625 1016 1697 tranquillitatis
1032 1629 1234 1699 publicae
1253 1631 1471 1684 motibus
1486 1631 1576 1685 illis
1590 1631 1684 1684 (ese

147 1704 468 1758 immiscuisse.
487 1708 602 1755 l-i'aec
619 1704 832 1773 ipfiffima
846 1707 906 1756 rei
921 1706 1085 1759 veritas
1104 1707 1186 1770 est,
1206 1726 1323 1763 nota
1340 1711 1581 1780 perpaucis
1598 1744 1613 1766 ,
1629 1711 1683 1760 (Sc.

147 1781 174 1834 ὲ
191 1783 355 1833 multis
382 1794 546 1832 tamen
563 1800 641 1850 per
667 1782 971 1834 calumniam
998 1780 1195 1856 graviter
1222 1783 1494 1859 injusteque
1522 1790 1685 1840 tradu-

143 1864 238 1913 sta.

257 1941 523 2007 Deponant
542 1936 681 2009 igitur
696 1933 838 1988 Italiae
873 1936 1110 2006 Principes
1124 1956 1178 1990 ac
1196 1934 1498 2008 Respublica:
1515 1941 1683 1994 inanes

147 2014 252 2069 illas
269 2014 599 2083 suspicionum
617 2012 812 2063 umbras
826 2049 839 2073 ,
853 2010 985 2063 certo
1010 2013 1094 2065 sibi
1123 2014 1455 2082 persuadentes
1475 2054 1489 2078 ,
1510 2020 1680 2089 Hispa·

149 2094 283 2148 niam
302 2092 395 2143 hoc
413 2089 570 2142 solum
588 2090 794 2159 spectare
809 2108 862 2139 ac
878 2107 1047 2160 cupere
1063 2133 1076 2153 ‚
1104 2107 1157 2142 ut
1176 2090 1445 2144 suaminter
1457 2093 1563 2147 illos
1579 2113 1686 2150 mad

146 2169 459 2248 gnitudinem
479 2169 726 2220 conservet
742 2213 753 2230 ‚
789 2185 893 2217 non
912 2183 963 2218 ut
980 2168 1189 2221 eandem
1209 2186 1405 2244 augeat,
1432 2170 1482 2221 ὅ(
1508 2170 1680 2229 locurti

146 2253 266 2302 dent
278 2264 391 2301 verae
406 2248 611 2316 politicae
628 2246 764 2314 hujus
779 2263 896 2296 meae
914 2247 1197 2299 narrationis
1218 2293 1230 2312 ,
1244 2247 1274 2299 fi
1291 2247 1493 2321 quidem
1507 2265 1676 2306 amant

139 2327 284 2383 Italiae
298 2342 466 2397 pacem
485 2349 493 2376 :
511 2324 844 2395 aemulationes
858 2325 991 2376 enirn
1006 2323 1114 2390 illae,
1126 2343 1244 2398 quas
1259 2326 1401 2380 multi
1415 2325 1498 2380 fibi
1516 2329 1675 2384 inani·

144 2423 214 2461 ter
240 2409 291 2457 &
315 2400 496 2475 absque
539 2403 869 2456 fundamento
911 2403 1269 2476 imaginantur,
1295 2404 1674 2479 graviffimorum'

145 2502 380 2539 motuum
404 2480 554 2535 caussa
572 2482 712 2537 sunt,
739 2478 852 2546 cum
868 2477 1066 2532 nullum
1083 2479 1136 2532 sit
1155 2480 1341 2535 bellurn
1361 2526 1374 2547 ,
1401 2485 1536 2556 quod
1565 2506 1673 2542 non

144 2580 291 2617 autex
308 2550 592 2616 Potentioris
608 2558 877 2612 ambitione
894 2601 908 2624 ,
933 2566 1016 2611 au't
1031 2559 1359 2614 imbecillioris
1390 2578 1526 2615 metu
1549 2565 1676 2620 oria-

145 2658 236 2695 tur.

890 3156 1064 3230 1:113
1376 3208 1378 3211 -
1488 3155 1675 3226 sm.
