2394 3768
504 299 894 349 SYMBOLA
946 309 1378 351 P0L1TrcA.
1613 319 1687 368 169

152 381 200 433 in
216 374 487 430 necessarios
505 376 616 430 belli
635 379 744 430 usus
758 377 977 449 tantisper
993 378 1341 450 impenderent.
1355 378 1469 447 Q&
1482 380 1532 434 in
1552 400 1598 434 re
1614 382 1687 435 sa-

152 460 210 509 cri
223 459 454 507 Canones
477 500 489 519 ‚
529 457 578 505 &
596 455 822 508 Concilia
839 472 990 508 certos
1005 455 1322 511 definiverunt
1336 459 1466 511 casus
1483 503 1496 523 ‚
1521 458 1684 512 neces-

149 533 326 584 fitatem
355 532 470 583 item
487 534 536 583 &
561 532 758 603 pericula
772 568 788 588 ‚
818 535 870 584 in
897 533 1071 604 quibus
1102 533 1398 587 Ecclefiastici
1428 551 1680 589 teneantur

147 608 356 663 subfidiis
370 608 845 679 suisRempublicam
869 609 1121 663 sublevare.
1163 613 1217 662 Et
1235 610 1347 663 sane
1369 612 1558 685 grandis
1572 612 1683 666 esset

146 687 328 741 avaritia
346 730 358 750 ,
384 705 489 758 quae
503 687 704 740 excusari
720 705 823 738 non
841 686 988 758 posset
1002 719 1019 742 ‚
1044 687 1075 739 fi
1092 687 1374 741 necessitates
1391 708 1684 742 communes

145 763 336 817 nollent
350 765 620 837 agnoscere.
646 762 786 829 Qid
803 766 934 816 enim
949 770 962 816 ἒ
981 765 1066 835 Ipsi
1082 765 1369 817 nobilissima
1383 767 1432 816 &
1451 768 1681 838 praecipua

144 859 245 913 pars
267 838 292 891 s
288 856 377 892 unt
392 841 681 912 Reipublicae
694 886 706 906 ‚
722 842 771 892 δε
788 840 819 892 si
834 860 920 912 pro
933 842 1020 895 hac
1033 844 1082 892 &
1102 842 1355 916 Religione
1372 844 1520 897 vitam
1537 861 1685 914 expo-

143 937 253 971 nere
270 917 479 970 obstricti
497 919 624 984 sunt,
642 937 720 972 cur
735 938 841 971 non
855 920 904 970 &
920 920 1020 972 suas
1033 920 1250 971 fortunas
1269 925 1282 971 ἓ
1297 920 1342 972 Si
1359 939 1440 972 eos
1458 920 1686 975 sustentat

140 998 189 1047 ὃς
214 996 295 1048 alit
311 995 612 1065 Respublica,
626 1015 819 1068 aequum
837 997 1051 1049 omnino
1064 997 1127 1047 est
1141 1014 1158 1053 ‚z
1177 1012 1229 1048 ut
1246 1013 1476 1051 mutuum
1489 997 1684 1053 viciffirn

141 1073 200 1126 ab
213 1073 305 1125 illis
318 1072 503 1143 'sperare
519 1073 653 1144 poffit
668 1073 930 1127 subsidium
947 1093 1033 1144 pro
1050 1074 1078 1125 s
1072 1073 1130 1127 ua
1154 1074 1513 1130 conservatione
1529 1076 1579 1126 δε
1598 1075 1684 1128 de-

140 1149 372 1203 fensione.
408 1154 598 1202 Durum
625 1152 708 1203 erit
737 1151 955 1220 Populo,
973 1149 1183 1204 decimas
1198 1150 1381 1223 semper
1398 1151 1686 1224 persolvere,

141 1230 190 1279 ὃ(
206 1229 279 1300 pia
306 1228 456 1280 facere
477 1247 617 1298 opera
634 1272 647 1292 ‚
672 1227 770 1280 fiin
788 1230 1045 1283 communi
1076 1227 1337 1282 necessitate
1353 1249 1460 1282 non
1480 1229 1561 1293 fit,
1599 1231 1685 1303 qui

142 1307 192 1359 in
207 1304 431 1358 oneribus
447 1303 816 1358 extraordinariis
832 1305 1043 1358 eundem
1060 1305 1088 1356 s
1083 1304 1533 1377 ublevet.Propriam
1545 1301 1572 1358 s
1567 1325 1682 1360 uam

142 1384 365 1455 pietatem
397 1381 684 1434 execrabitur
700 1426 712 1447 ,
737 1383 787 1434 δι
811 1383 1074 1457 refrigescet
1093 1381 1226 1434 zelus
1250 1381 1437 1434 illius&
1460 1383 1685 1449 devoti0‚

144 1479 206 1512 ne
222 1457 363 1531 porro
374 1478 523 1513 novas
536 1458 806 1512 oblationes
825 1504 838 1525 ‚
852 1459 1210 1523 donationeS,&
1223 1457 1378 1532 legata
1388 1459 1598 1512 Ecclefiis
1611 1460 1684 1512 fa-

145 1539 251 1591 ciat.
280 1534 434 1589 Valde
449 1536 608 1607 itaque
631 1537 804 1587 rationi
830 1537 1217 1590 consentaneum
1235 1537 1299 1589 est
1317 1581 1329 1601 ‚
1357 1551 1412 1588 ut
1438 1535 1607 1589 Clerus
1630 1537 1683 1589 in

143 1611 379 1685 ejusmodi
407 1612 586 1665 casibus
599 1610 825 1663 reditibus
850 1612 942 1663 suis
965 1613 1206 1683 impensas
1231 1612 1445 1683 publicas
1458 1612 1646 1684 adjuvet
1660 1646 1679 1670 2

144 1706 251 1744 non
268 1691 326 1742 eo
339 1686 499 1742 solum
515 1733 528 1752 ,
546 1685 681 1760 quod
704 1687 969 1759 periculum
983 1704 1063 1740 aut
1090 1689 1384 1743 beneficium
1410 1710 1684 1745 commune

142 1766 376 1821 omnibus
388 1764 469 1829 fit5
485 1764 564 1818 sed
578 1764 719 1819 etiam
730 1800 747 1830 2
776 1783 840 1818 ne
854 1763 1159 1818 Saecularium
1171 1765 1305 1818 bona
1322 1768 1371 1817 δε
1385 1767 1685 1837 possessiones

141 1847 204 1899 ita
213 1858 480 1919 graventur,
496 1858 550 1895 ut
561 1842 851 1918 agriculturae
863 1841 1071 1907 defmssn,
1086 1840 1288 1897 decimae
1299 1861 1515 1917 quoque,
1529 1845 1579 1895 &
1596 1844 1685 1900 alia

141 1924 215 1995 pia
230 1939 370 1992 opera
386 1919 617 1974 desinant.
659 1922 866 1991 Majores
878 1937 991 1992 opes
1006 1919 1228 1974 videntur
1257 1936 1474 1993 tempore
1489 1921 1686 1975 neceffi-

141 2002 246 2052 tatis
259 2008 474 2051 extremae
491 2017 659 2052 aurum
672 1999 721 2050 ὃς
736 2013 987 2072 argentum
999 1997 1311 2051 Ecclefiarum
1327 1998 1534 2051 duetum
1549 2002 1600 2051 in
1616 1999 1687 2053 la-

142 2078 298 2130 minas
319 2076 368 2128 in
388 2075 545 2128 domo
559 2074 851 2142 monetaria,
879 2075 1030 2149 quarn
1045 2076 1096 2128 in
1112 2075 1218 2131 vasa
1241 2092 1321 2130 aut
1338 2076 1688 2147 supellectilem

142 2154 321 2207 sacram
334 2154 384 2205 in
403 2153 606 2225 templis.

163 2258 166 2261 ⁴
249 2237 301 2288 5.
333 2235 487 2303 Atque
510 2231 608 2284 haec
621 2229 854 2305 obligatio
871 2229 1014 2284 status
1028 2228 1331 2285 Ecclefiastici
1350 2231 1501 2303 major
1526 2232 1591 2284 est
1607 2276 1620 2297 ‚
1636 2231 1689 2287 in

144 2308 485 2360 necessitatibus
499 2308 790 2382 gravioribus
814 2312 1008 2384 Regum
1024 2309 1263 2379 Hispaniae
1289 2331 1299 2359 ε
1332 2309 1446 2362 cum
1472 2311 1608 2364 enirn
1631 2308 1692 2362 ab

143 2386 318 2438 horum
336 2383 408 2455 pia
425 2384 700 2437 liberalitate
715 2404 891 2438 omnes
913 2385 1005 2439 fere
1019 2385 1334 2439 fundationes
1347 2389 1398 2437 ὃ(
1412 2386 1692 2440 dotationes

142 2461 456 2516 Ecclefiarum
471 2461 691 2532 profe&ae
708 2461 815 2517 fint2
830 2478 1055 2515 tenentur
1070 2482 1134 2515 eae
1149 2463 1344 2516 vicissim
1359 2483 1412 2517 ex
1426 2463 1595 2535 justitia
1612 2467 1695 2515 Pa-

143 2540 293 2593 tronis
305 2539 332 2591 s
326 2539 396 2591 uis
407 2540 458 2591 in
470 2538 733 2591 necestitate
743 2540 901 2594 venire
912 2539 1189 2604 subfidio,&
1204 2539 1266 2593 fic
1278 2541 1367 2593 eos
1362 2541 1476 2592 dem
1488 2540 1695 2592 obstrin-

147 2635 255 2692 gere
271 2650 287 2673 ,
313 2633 367 2669 ut
395 2615 614 2669 munifici
632 2614 719 2669 effe
735 2632 934 2691 pergant
965 2613 1105 2679 aliaS,
1131 2616 1215 2668 ubi
1232 2632 1422 2687 ternpus
1440 2614 1696 2670 &occasio

149 2695 357 2748 tulerint.
384 2697 471 2747 Hae
492 2695 542 2745 &
565 2692 718 2765 plures
732 2693 831 2747 aliae
843 2696 1052 2747 rationes
1067 2694 1248 2747 sacram
1267 2693 1439 2748 Sedem
1459 2692 1698 2766 Apostolif

149 2792 257 2826 carn
282 2771 579 2842 impulerunt
595 2815 607 2836 ,
629 2787 683 2823 ut
712 2769 834 2824 adeo
851 2771 1094 2824 liberalem
1111 2771 1205 2823 sese
1228 2790 1335 2846 erga
1351 2774 1505 2846 Reges
1520 2769 1697 2842 Hispa-¹

148 2852 237 2902 niae
249 2849 364 2920 saepe
376 2848 626 2919 praestiterit
644 2892 656 2913 ‚
687 2848 1011 2902 concedendo
1027 2851 1080 2901 iis
1096 2850 1237 2902 usum
1253 2849 1503 2902 bonorum
1529 2847 1697 2902 Eccle-

150 2926 220 2978 fiae
249 2927 308 2978 ad
333 2924 545 2980 fovenda
566 2925 692 2979 bella
718 2944 887 2979 contra
911 2925 1146 2980 Infideles.
1174 2926 1428 3000 Gregorius
1453 2928 1696 2998 Septimus

151 3003 329 3057 Sanetii
354 3004 534 3055 Ramiri
571 3005 818 3078 Aragoniae
844 3006 988 3075 Regis
1028 3004 1220 3057 arbitrio
1249 3002 1458 3075 permisit
1484 3004 1696 3057 decimas

150 3082 199 3132 &
230 3080 404 3134 reditus
432 3079 743 3136 Ecclefiarum
763 3125 776 3147 ‚
812 3101 918 3155 quae
947 3098 1028 3135 aut
1042 3080 1205 3135 recens
1233 3083 1451 3135 extruetae
1475 3080 1697 3143 fuissent,

1022 3163 1056 3213 P
1618 3171 1700 3209 aut
