2394 3768
475 348 868 390 SYMBOLA
928 347 1349 389 PoLuch.
1592 359 1667 404 4m

158 414 288 489 quod
307 433 490 487 propter
505 417 599 470 hoc
613 418 766 490 ipsum
780 436 988 471 rotarum
1005 418 1213 490 pondus,
1230 419 1402 491 quibus
1418 418 1672 490 Majestatis

159 493 427 562 amplitudo
442 495 672 559 innititur,
689 498 736 546 &
754 515 816 547 ne
832 516 900 558 ea,
913 516 1016 568 quae
1030 497 1238 566 poffidet‚
1253 517 1301 548 in
1319 496 1571 549 discrimen
1589 496 1672 548 ad-

157 571 328 634 ducat,
356 572 568 641 Princeps
595 573 781 643 Imperii
797 574 862 624 sui
881 572 1055 625 finibus
1075 590 1334 626 contentus
1360 575 1494 626 vivat.
1521 572 1675 645 Qod
1701 582 1810 637 Tacita
1830 578 1923 616 lib-1·

146 648 354 721 segnities
369 649 678 724 effisa'zpientia
693 659 908 713 vocam-3
923 654 988 703 uti
1006 651 1083 702 illa
1097 650 1394 721 Imperatoris
1409 652 1587 704 Galbae.
1605 657 1673 702 lta
1705 633 1792 666 Hm·

160 743 333 775 ornnes
350 725 372 775 s
371 744 393 775 e
409 725 582 797 suaque
598 728 768 781 servare
782 726 906 797 porse
923 728 1289 790 crediderunt‚&
1306 727 1472 797 periere
1484 747 1672 780 omnes.

156 801 378 852 Iuvenilis
396 805 709 873 Imperiorum
726 821 830 855 aetas
846 804 1076 857 celeritate
1089 807 1202 858 vires
1217 806 1414 877 acquirit
1430 824 1482 856 ac
1499 805 1640 857 robur
1658 838 1672 860 2

159 878 277 929 dum
297 879 440 931 fervet
462 880 620 933 adhuc
638 882 826 955 sanguis
843 917 859 938 ‚
883 884 1143 956 vigentque
1161 884 1340 953 spiritus
1359 883 1545 951 majoris
1563 882 1674 947 glo-

157 958 230 1007 riae
246 974 297 1007 ac
316 955 667 1010 dominationis
683 959 732 1010 in
750 959 860 1011 alias
875 962 1125 1012 Nationes.
1154 947 1676 1033 Agend02audendb'que
1703 965 1775 999 Tit·
1805 963 1884 998 Liv.

156 1051 222 1084 rea
241 1034 456 1085 Romana
468 1038 629 1092 crevit,
646 1056 735 1088 non
749 1035 1031 1110 hissegnibm
1044 1036 1226 1112 confiliis
1242 1074 1257 1093 ,
1271 1056 1361 1112 qm
1374 1036 1529 1089 timidi
1541 1053 1674 1087 cama

156 1119 377 1164 vocam.
395 1112 702 1184 Posteaquam
719 1113 777 1166 ad
792 1118 1110 1167 maturitatem
1125 1114 1569 1184 pervenit‚Majestas
1583 1113 1679 1184 ipsa

156 1189 205 1240 δε
223 1190 474 1241 auctoritas
488 1189 623 1242 facile
638 1191 817 1263 diuque
832 1193 1029 1263 Imperia
1055 1192 1314 1256 sustinent,
1346 1190 1528 1242 tametsi
1543 1191 1679 1241 ardor

159 1267 297 1319 famae
309 1265 497 1328 defin&
516 1267 795 1320 dominatus
812 1270 1015 1344 augendi
1032 1269 1278 1339 cupiditas,
1300 1268 1493 1340 perinde
1508 1288 1561 1321 ac
1578 1286 1684 1319 ma-

154 1361 201 1394 re
220 1343 471 1415 aliquanto
502 1360 716 1416 tempore
732 1364 926 1399 motum
947 1348 1194 1400 conservat
1212 1392 1223 1411 ‚
1258 1347 1401 1399 etiam
1422 1345 1679 1417 postquam

155 1438 413 1475 ventorum
429 1441 494 1474 vis
512 1422 725 1476 desaeviit.
757 1428 892 1477 Dum
912 1444 1024 1499 ergo
1040 1427 1237 1495 Imperia
1252 1426 1300 1476 in
1317 1424 1404 1476 suo
1417 1423 1506 1475 isto
1524 1426 1682 1496 vigore

155 1499 460 1569 perstiterint,
475 1501 608 1552 illam
625 1503 675 1552 in
695 1501 946 1554 statuendo
964 1502 1303 1554 lentitudinem
1319 1519 1424 1553 non
1442 1499 1685 1571 improba-

156 1577 303 1628 verim
321 1598 329 1626 :
347 1575 408 1629 sic
424 1578 554 1628 enim
574 1578 678 1647 plus
693 1580 894 1651 suppetit
911 1581 1137 1650 temporis
1155 1625 1166 1643 ,
1197 1596 1249 1632 ut
1268 1579 1405 1651 partis
1421 1580 1577 1650 quiete
1597 1577 1684 1629 frui

157 1654 295 1706 liceat
312 1680 324 1716 3
344 1655 394 1704 ὅ(
420 1655 612 1706 conlilia
629 1657 774 1710 nimis
799 1658 952 1709 subita
969 1657 1179 1727 periculo
1199 1676 1301 1709 non
1319 1673 1496 1709 carent.
1529 1659 1689 1726 Atque

156 1732 208 1784 in
225 1735 322 1782 hoc
336 1730 416 1783 cas
413 1751 440 1782 u
459 1751 622 1783 verum
641 1734 781 1784 habet
793 1733 908 1785 illud
923 1735 1089 1795 Taciti,
1106 1736 1372 1787 Potentiam
1386 1729 1689 1805 cautisqudm
1717 1732 1798 1813 ξπ·
1812 1727 1868 1812 ¹¹³³·
1884 1742 1935 1764 ¹¹·

155 1805 394 1861 acrioribus
418 1807 604 1877 confiliis
631 1807 775 1861 tntiits
802 1809 972 1863 haberi.
1014 1814 1072 1860 At
1102 1809 1132 1862 si
1162 1826 1294 1861 aetate
1328 1809 1409 1860 illa
1437 1807 1690 1859 deficiente
1753 1791 1814 1813 ‘ma
1831 1803 1841 1812 ⁶

160 1886 469 1960 languescant
486 1886 602 1938 vires
616 1932 627 1951 ‚
645 1885 674 1937 si
691 1887 973 1940 existimatio
991 1887 1133 1957 perire
1149 1887 1341 1957 incipiat
1362 1929 1373 1946 ‚
1386 1885 1415 1937 fi
1433 1884 1596 1937 contra
1611 1903 1694 1936 au-

162 1963 323 2017 dacius
336 1963 583 2038 insurgant
599 1965 702 2028 alii,
718 1965 860 2017 aliam
879 1966 1006 2018 viam
1020 1963 1202 2037 ingredi
1221 1978 1438 2035 oportet,
1460 1979 1691 2014 maturare

162 2041 378 2106 consilia,
392 2043 441 2090 ὅ(
456 2041 703 2108 pristinum
720 2044 967 2094 instaurare
982 2042 1197 2115 vigorem
1213 2039 1497 2111 aetatemque
1510 2041 1694 2109 juveni-

163 2121 278 2183 lem,
296 2120 572 2191 priusquam
587 2120 722 2171 senio
739 2119 1090 2194 ingravescente
1109 2119 1203 2169 sese
1223 2118 1423 2187 amplius
1438 2118 1692 2169 sustentare

164 2211 437 2269 nequeant,
467 2198 516 2246 ὅ(
534 2197 700 2248 amiffis
727 2197 899 2249 sensim
917 2197 1090 2248 viribus
1109 2195 1429 2247 miserabiliter
1457 2209 1692 2246 corruant.

162 2279 222 2327 In
251 2274 522 2327 minoribus
551 2275 746 2328 statibus
762 2291 914 2326 aetates
932 2273 1024 2325 istae
1046 2271 1324 2324 considerari
1346 2291 1450 2323 non
1479 2271 1695 2341 poss‘unt,

163 2356 283 2426 quin
301 2371 423 2423 opus
440 2351 503 2403 est
520 2351 694 2423 potius,
709 2369 763 2403 ut
777 2350 948 2404 allidue
962 2349 1121 2424 vigilet
1138 2350 1364 2413 attentio,
1378 2349 1435 2400 ad
1455 2349 1700 2418 explican-

166 2431 226 2482 da
250 2431 420 2481 omnia
451 2428 550 2483 vela
569 2474 582 2492 ‚
618 2429 649 2480 fi
678 2431 883 2482 fortunae
910 2429 1159 2500 Zephyrus
1185 2427 1443 2497 aspiraverit
1475 2446 1487 2476 ·.
1519 2426 1700 2478 etenim

167 2527 304 2560 nunc
334 2506 405 2559 his
426 2551 438 2569 ‚
465 2524 603 2560 nunc
630 2506 720 2559 illis
741 2526 793 2559 ea
816 2506 941 2558 favet
970 2523 1047 2574 per
1073 2505 1221 2567 vices3
1257 2503 1384 2556 haud
1405 2503 1536 2557 secus
1552 2521 1606 2555 ac
1623 2519 1701 2573 per

168 2584 608 2638 circumferentiam
638 2583 905 2636 horizontis
934 2579 1232 2656 consurgunt
1263 2581 1394 2633 venti
1413 2624 1425 2644 ,
1457 2582 1539 2653 qui
1568 2579 1703 2631 alter-

169 2663 243 2716 nis
267 2678 393 2714 terrae
419 2661 756 2714 dominantur.
807 2657 1175 2712 Secundisfimos
1201 2657 1464 2730 Aquilones
1500 2654 1703 2709 habuere

167 2737 435 2812 aliquando
451 2737 631 2801 Gothi,
676 2736 866 2810 aliaeque
879 2736 1117 2788 Nationes
1135 2736 1255 2807 polo
1272 2736 1521 2787 viciniores
1541 2777 1552 2797 ,
1592 2735 1703 2805 qui-

169 2819 260 2871 bus
288 2815 419 2869 tanta
437 2834 551 2868 cum
568 2815 792 2869 industria
807 2813 896 2867 usae
912 2815 1021 2866 sunt
1039 2857 1050 2875 ‚
1070 2815 1149 2864 sua
1167 2812 1432 2883 pandentes
1446 2813 1564 2875 vela,
1579 2828 1631 2862 ut
1645 2809 1703 2861 ad

168 2895 288 2966 ipsas
304 2892 520 2946 Herculis
538 2892 795 2947 columnas
813 2937 825 2956 ,
851 2908 1086 2942 extremos
1105 2891 1367 2942 tunc'orbis
1379 2890 1614 2941 terminos
1631 2887 1706 2938 us-

171 2991 266 3046 que
284 2969 585 3043 penetrarint.
621 2969 710 3022 Sed
727 2970 840 3023 abiit
857 2968 1016 3040 postea
1031 2966 1108 3019 illa
1126 2966 1219 3019 caeli
1236 2966 1521 3020 clementia,
1535 2967 1583 3016 ὅ(
1598 2967 1708 3017 suc-

175 3049 299 3103 ceffit
337 3049 426 3101 alia
468 3048 673 3101 aliorum
712 3048 1029 3119 Imperiorum
1069 3044 1217 3097 favori
1239 3045 1291 3094 &
1317 3042 1599 3096 commodis
1636 3042 1731 3100 se-2

175 3124 350 3181 cunda.

981 3202 1024 3252 R
1051 3216 1071 3249 r
1109 3218 1130 3257 3
1503 3203 1556 3254 5.
1572 3200 1711 3250 Con-
