2394 3768
457 1203 543 1236 Mar.
565 1197 653 1233 Hist.

461 1249 557 1298 Hisp.
573 1248 656 1293 l-x7.

459 1312 486 1333 e.
501 1311 536 1345 7.

459 2317 473 2333 e
490 2312 641 2357 Qoniam

453 2361 614 2404 ignoravit,
633 2360 683 2404 qui

452 2407 596 2453 sefinxit,

457 2456 496 2492 ά·
512 2458 561 2500 qui
572 2455 662 2502 inspi-

456 2507 538 2539 ravit
551 2506 590 2539 illi
615 2507 679 2539 ani-

455 2564 533 2587 mam
549 2582 559 2598 ,
582 2566 641 2599 qua

453 2611 601 2646 operatur,
618 2603 655 2639 ό*

455 2653 505 2695 qui
518 2649 679 2697 insufflavit

454 2698 626 2744 aspiratum

455 2749 588 2782 vitalem.

458 2798 531 2843 Sap.
539 2808 550 2830 1
559 2810 587 2841 ς.
597 2810 608 2831 1
621 2810 631 2830 1
642 2823 650 2830 .

716 281 794 332 336
1095 283 1405 324 DIDACI
1486 285 1931 331 SAAVEDRAE

716 351 832 404 tueri
846 349 1022 404 valeat?
1050 351 1307 425 Singularis
1320 351 1402 405 illa
1411 355 1558 428 gratia
1572 357 1803 411 omnium
1819 360 1870 411 in
1889 361 1934 412 se
1949 366 2123 417 oculos
2137 363 2259 419 con-'

717 428 864 481 vertit.
889 426 992 494 Qui
1006 429 1148 481 amici
1164 429 1275 481 sunt
1291 431 1562 503 Principum
1583 478 1596 498 ‚
1608 453 1686 504 per
1705 436 1941 490 Privatum
1955 439 2044 493 suae
2060 443 2263 495 credunt

716 505 870 578 gratiae
883 503 1088 569 detrahi·2
1116 508 1198 577 qui
1212 506 1367 560 hostes
1384 551 1398 569 ‚
1429 511 1585 584 augeri
1603 512 1732 565 odia.
1772 516 1835 566 Hi
1854 513 1886 565 fi
1921 518 1969 567 in
2000 521 2263 573 amicitiam

715 580 939 637 redeant,
959 600 1064 633 non
1092 582 1177 635 nifi
1191 582 1240 636 ea
1264 585 1551 639 conditione
1564 589 1766 641 redeunt
1781 634 1793 654 ,
1821 609 1874 643 ut
1905 594 2107 648 Privatus
2119 597 2263 671 gratia

717 656 899 710 excidat
916 686 928 723 3
944 658 1057 711 illisi
1073 662 1338 716 amicitiam
1370 664 1585 717 deserant
1601 702 1616 724 ,
1645 686 1851 721 omnem
1869 670 2036 724 itidem
2069 676 2262 745 culpam

716 736 767 788 in
784 755 897 788 eum
913 735 1068 808 ipsum
1102 739 1379 793 conferunt.
1415 744 1608 814 Semper
1640 762 1807 798 contra
1838 748 2075 817 ejusmodi
2110 754 2262 806 Priva-

716 830 824 866 tum
839 814 1142 867 aemulatio&
1159 817 1338 870 invidia
1354 819 1406 870 in
1422 823 1562 873 armis
1579 823 1819 876 excubant
1834 870 1846 889 ,
1865 826 2062 878 intentae
2075 828 2126 880 in
2149 849 2262 881 om-

716 910 834 944 nem
858 890 1168 945 occasionem
1188 912 1265 958 ,ut
1280 895 1329 947 in
1345 898 1534 951 ruinam
1551 902 1855 972 praecipitent.
1894 907 2058 956 Tanto
2082 907 2132 958 in
2148 925 2264 960 eum

714 970 834 1022 odio
849 969 991 1022 fertur
1011 971 1219 1041 Populus
1234 1016 1247 1037 ,
1259 989 1314 1024 ut
1327 975 1453 1027 mala
1469 978 1613 1029 etiam
1629 996 1822 1035 naturae,
1836 983 1887 1031 &
1912 982 2021 1034 vitia
2040 983 2263 1056 Ptincipis

712 1047 873 1100 eidem
890 1046 1080 1101 tribuat.
1115 1049 1378 1104 Bernardus
1391 1053 1594 1107 Cabrera
1611 1057 1761 1127 capite
1779 1058 1980 1112 tandem
1995 1059 2084 1112 luit
2095 1077 2257 1133 tyran-

715 1124 851 1177 nides
869 1126 985 1177 Petri
1004 1124 1180 1192 Qarti
1210 1129 1353 1203 Regis
1386 1132 1635 1205 Aragonii‚
1661 1135 1738 1186 cui
1764 1134 2052 1190 chariffimus
2079 1140 2263 1211 semper

713 1203 880 1256 fuerat.
916 1202 1104 1256 Eodem
1117 1204 1309 1270 medio,
1343 1226 1446 1279 quo
1479 1211 1682 1264 Privatus
1697 1214 1897 1286 gratiam
1926 1216 2148 1288 Principis
2177 1237 2263 1269 au-

717 1279 1163 1351 cupatur‚aliorum
1186 1285 1382 1336 incurrit
1400 1285 1572 1339 odium
1596 1316 1609 1352 5
1650 1305 1703 1341 ut
1732 1290 1956 1344 verissime
1976 1292 2139 1346 dixerit
2166 1296 2268 1348 for-

714 1358 911 1411 tiffimus
922 1357 999 1411 ille
1015 1360 1454 1432 HerosAlphonsus
1466 1364 2075 1440 Albuquercius‚lndiarum
2093 1373 2268 1424 Orien-

712 1436 885 1491 talium
901 1436 1205 1490 Gubernator
1229 1477 1244 1502 ,
1261 1440 1538 1495 Ministrum
1553 1443 1609 1509 ‚fi
1626 1446 1744 1519 Regi
1761 1445 1848 1497 suo
1865 1447 2006 1500 faciat
2022 1448 2127 1501 satis
2140 1495 2151 1513 ,
2170 1455 2270 1502 ho-

712 1515 869 1568 mines
882 1513 1157 1581 offenderef,
1178 1516 1348 1570 contra
1362 1516 1395 1570 fi
1413 1517 1700 1575 hominibus
1717 1523 1899 1595 placere
1917 1524 2266 1604 studeat,Regis

709 1593 911 1670 gratiam
926 1593 1157 1646 amittere.

834 1675 887 1730 ,οἳ
925 1669 1079 1739 Quod
1091 1670 1122 1723 fi
1138 1671 1273 1726 favor
1287 1673 1370 1726 ille
1386 1674 1436 1728 in
1451 1674 1560 1728 solo
1573 1677 1706 1730 cultu
1719 1680 1940 1731 exteriore
1953 1680 2174 1735 innititur
2190 1702 2263 1736 ar-

709 1747 839 1801 tibus
871 1748 1031 1802 aulicis
1060 1766 1315 1818 procurato
1332 1770 1464 1813 ,non
1483 1752 1567 1805 nifi
1592 1755 1833 1808 violentus
1849 1756 1913 1809 est
1929 1778 2012 1821 ,ac
2043 1761 2260 1818 furtivus,

711 1825 931 1898 adeoque
961 1826 1151 1878 libertas
1182 1826 1407 1897 Principis
1430 1828 1554 1881 illud
1588 1833 1842 1887 conabitur
1860 1851 1938 1898 ‚ut
1966 1854 2066 1889 tam
2084 1840 2262 1892 durum

711 1903 941 1956 servitutis
951 1903 1419 1978 jugumimpofitum
1435 1905 1518 1960 fibi
1535 1929 1669 1972 ,non
1689 1911 1861 1981 sponte
1888 1912 2159 1986 susceptum
2187 1935 2266 1969 ex-

713 1981 876 2034 cutiat.
2131 2011 2138 2015 ·
2234 2028 2236 2030 -

836 2059 880 2110 Si
896 2055 959 2109 est
975 2056 1197 2129 quaedam
1216 2058 1477 2113 voluntatis
1506 2062 1757 2133 propensio
1774 2109 1787 2128 ‚
1814 2066 1970 2119 subest
1996 2068 2263 2138 plurimum

712 2134 871 2188 cauffis
889 2134 1109 2187 secundis
1126 2179 1139 2199 ‚
1154 2137 1205 2186 δε
1220 2155 1336 2189 cum
1353 2136 1450 2208 ipsa
1463 2156 1595 2192 aetate
1627 2143 1955 2197 mutationem
1985 2145 2138 2211 subit,
2181 2168 2264 2204 aut

712 2232 826 2266 curn
845 2212 984 2265 amici
1001 2213 1420 2286 ingratitudine,fi
1437 2218 1474 2270 is
1490 2217 1668 2271 scilicet
1696 2238 1803 2272 non
1827 2221 1935 2274 satis
1962 2225 2263 2298 agnoscam&

711 2310 813 2364 quo
825 2290 964 2342 fonte
975 2288 1071 2343 hoc
1084 2292 1112 2341 s
1107 2309 1226 2343 uum
1238 2291 1327 2344 effe
1342 2305 1362 2357 f
1391 2292 1608 2349 hauserit.

823 2369 867 2420 Si
884 2366 1008 2421 forte
1024 2369 1241 2422 venustas
1258 2371 1350 2422 oris
1364 2371 1414 2421 ὅ(
1427 2391 1625 2426 morum
1658 2391 1790 2428 tanta
1806 2377 1870 2430 est
1886 2378 1938 2431 in
1956 2380 2137 2435 Privato
2153 2427 2166 2448 ,
2204 2401 2260 2439 ut

713 2465 921 2500 manum
970 2446 1350 2519 quodammodo
1381 2449 1612 2504 violenter
1660 2454 1882 2527 Principis
1912 2456 2150 2514 voluntati
2177 2464 2257 2515 in-

709 2526 835 2597 jiciat
853 2570 865 2590 ,
880 2539 960 2577 aut
978 2524 1103 2578 brevi
1121 2525 1368 2579 marcescit
1384 2570 1396 2592 ,
1415 2544 1495 2581 aut
1508 2529 1661 2583 oculis
1675 2529 1837 2587 solum
1852 2534 2003 2600 servit,
2019 2535 2146 2592 haud
2180 2541 2253 2594 se-

712 2623 795 2659 cus
809 2618 952 2676 atque
968 2603 1019 2655 in
1035 2601 1210 2677 vulgari
1222 2622 1385 2657 amore
1399 2606 1463 2658 us
1456 2626 1486 2659 u
1499 2609 1643 2661 venit.

788 2682 835 2733 Si
851 2681 915 2733 est
928 2680 995 2733 ob
1010 2680 1147 2733 dotes
1161 2683 1312 2734 animi
1326 2685 1543 2753 majores,
1560 2686 1710 2759 quam
1727 2685 1817 2740 fint
1832 2689 1882 2740 in
1897 2691 1999 2762 ipso
2019 2695 2252 2769 Principe,

714 2779 832 2812 mox
845 2775 986 2831 atque
998 2756 1075 2811 hic
1103 2758 1225 2811 illud
1256 2762 1499 2836 agnoscit,
1517 2767 1681 2816 aetum
1707 2765 1772 2818 est
1797 2765 1858 2818 de
1885 2769 2044 2842 gratia.
2084 2775 2252 2827 Nemo

709 2838 845 2890 enim
858 2834 996 2890 facile
1012 2837 1100 2890 fert
1116 2838 1169 2889 in
1186 2837 1282 2890 alio
1297 2836 1428 2890 illam
1441 2840 1623 2913 ingenii
1644 2887 1657 2906 ‚
1688 2858 1768 2894 aut
1781 2844 1987 2900 fortioris
2000 2851 2150 2904 animi
2167 2870 2248 2906 ex-

709 2912 989 2967 cellentiam
1004 2948 1021 2969 ‚
1063 2933 1169 2985 quae
1181 2913 1262 2983 ipsi
1280 2917 1423 2968 etiam
1441 2920 1666 2988 potentiae
1690 2919 1835 2995 longe
1851 2926 2066 2979 anteferri
2080 2926 2216 2985 solet.

834 2992 879 3042 Si
892 2989 956 3041 est
969 2989 1038 3042 ob
1067 2990 1250 3044 labores
1280 2993 1500 3064 publicos
1515 3037 1528 3058 ‚
1546 2996 1599 3046 &
1623 3001 1934 3072 negotiorum
1964 3023 2124 3062 curas,
2140 3028 2246 3061 non

704 3066 868 3122 minus
881 3067 1126 3141 vigilantia
1138 3069 1190 3121 in
1201 3071 1417 3142 periculo
1433 3071 1514 3138 est,
1530 3092 1585 3126 ac
1599 3077 1920 3151 negligentia:
1941 3099 2097 3155 neque
2110 3087 2243 3139 enim

2082 3181 2250 3219 omnia
