2394 3768
447 332 851 375 SYMBOLA
906 338 1356 383 POLrTICA.
1597 353 1674 397 555

318 463 984 527 SYMBOLVM
1091 472 1465 530 LXXXII.

111 2331 260 2468 N
279 2354 314 2388 o
328 2352 366 2386 N
384 2351 420 2388 N
437 2353 468 2387 v
486 2352 516 2387 r.
535 2353 566 2389 L
584 2354 602 2390 1
628 2335 782 2411 galeas
797 2339 966 2411 cygnis
978 2340 1030 2392 δε
1042 2337 1312 2409 pavombus
1329 2334 1640 2392 coronssrunt,

278 2430 330 2467 ut
345 2414 519 2467 horum
536 2414 847 2489 generositate
864 2415 973 2468 suos
987 2417 1242 2469 excitarent
1259 2417 1452 2470 animos
1467 2458 1480 2479 ‚
1493 2418 1541 2466 &
1558 2417 1638 2468 sti-

111 2493 354 2546 mularent
372 2492 428 2544 ad
446 2493 676 2568 gloriam:
701 2492 777 2545 alii
795 2492 957 2546 ursmo
974 2495 1126 2565 capite
1145 2538 1158 2558 ‚
1172 2510 1252 2547 aut
1266 2493 1471 2546 leonino
1487 2494 1638 2564 ,pelle

110 2590 190 2643 per
204 2571 431 2624 humeros
446 2569 690 2624 defluente
705 2605 721 2627 ‚
736 2586 788 2623 ut
804 2569 1048 2624 horrorem
1060 2573 1109 2623 ὃ(
1126 2588 1315 2624 metum
1332 2567 1550 2625 hostrbus
1565 2574 1643 2625 in·

115 2665 346 2703 curerent.
375 2652 488 2702 Hoc
505 2648 717 2719 praesenti
737 2647 983 2720 Symbolo
1001 2693 1014 2713 ,
1027 2668 1130 2722 quo
1142 2648 1425 2710 ostenditur,
1444 2650 1641 2721 Principi

117 2745 247 2780 arma
261 2724 483 2778 habenda
500 2724 587 2778 esse
600 2728 650 2777 in
670 2727 819 2796 pretio
839 2769 849 2789 ,
873 2727 1015 2778 cristae
1034 2727 1146 2780 loco
1163 2728 1184 2778 s
1185 2745 1296 2798 upra
1311 2724 1530 2779 caffidem
1546 2729 1642 2780 Eri-

115 2822 324 2858 naceum
342 2803 567 2868 colloc0‚
592 2805 725 2874 cujus
738 2803 888 2856 aculei
907 2822 1013 2856 non
1034 2802 1198 2857 minns
1221 2805 1412 2875 aspestu
1437 2805 1638 2874 jucundi

113 2882 184 2936 ob
209 2878 501 2953 asperitatem
517 2925 531 2945 ‚
552 2880 703 2952 quem
731 2880 909 2952 plumae
935 2882 1223 2935 Struthionis
1247 2881 1317 2933 ob
1348 2882 1603 2936 mollitiem
1621 2927 1635 2945 ,

112 2976 306 3016 tuentur
325 2958 463 3010 fimul
478 2978 533 3012 ac
550 2958 746 3011 laedunt.
768 2958 943 3011 Nullus
961 2959 1223 3034 elegantior
1239 2958 1421 3015 cultus,
1438 2961 1587 3033 quizrn
1603 2959 1635 3013 fi

111 3058 241 3094 arma
258 3036 398 3089 armis
423 3053 731 3090 exornentur.
759 3039 930 3089 Vanus
943 3037 1006 3088 est
1024 3056 1234 3109 purpurae
1252 3036 1475 3108 splendor
1497 3057 1638 3109 opere

110 3116 313 3193 phrygio
335 3112 601 3170 elaboratae,
615 3115 835 3187 quamvis
856 3133 990 3170 auro,
1009 3115 1294 3180 unionibuS,
1308 3116 1356 3165 ὃ(
1376 3114 1644 3169 adamanti-

924 3196 971 3244 D
989 3193 1020 3243 d
1037 3192 1070 3243 d
1102 3214 1133 3253 4
1559 3194 1650 3245 bus
