2394 3768
443 298 841 349 SYMssoLA
899 303 1322 347 ΡοιῐτιοΑ.
1572 305 1654 362 675

141 368 336 445 ingressa
352 370 441 425 fuit
452 376 651 428 Corona
668 374 763 427 His
756 373 923 445 panica
939 418 952 439 ,
969 394 1081 447 pace
1096 376 1146 426 δε
1164 371 1500 448 tranquillitate
1513 375 1652 431 fruita

143 450 326 518 semper
342 450 494 505 fuerit.

254 534 292 582 §.
320 529 665 601 Ingensitaque
680 528 852 582 utilitas
868 572 880 592 ,
907 548 1056 602 quarn
1074 531 1236 583 secum
1254 529 1400 583 adfert
1420 532 1653 601 necessitas

143 600 224 655 illa
239 602 296 654 ad
313 604 582 658 alterutram
597 610 849 659 Coronam
864 608 955 659 sese
971 607 1282 681 adjungendi,
1298 627 1488 661 movere
1501 610 1652 680 potest

142 682 412 733 Nationem
440 681 654 735 Italicam
674 728 685 746 ,
716 700 769 734 ut
783 703 897 736 curn
912 683 1121 754 praesenti
1144 687 1275 736 Statu
1292 685 1336 736 se
1352 689 1656 750 conformet,

141 757 298 829 posito
314 759 577 828 praesertim,
594 759 728 832 quod
748 759 777 810 fi
790 780 894 831 quae
920 762 970 812 in
989 765 1178 814 Ducatu
1196 760 1546 815 Mediolanensi
1565 809 1578 829 ‚
1604 766 1655 814 &

141 840 319 910 Regno
334 837 659 904 Neapolitano
679 882 689 900 ,
708 857 762 889 ac
781 837 1034 889 Siciliaefiat
1050 840 1358 895 immutatio,
1377 840 1422 891 id
1441 841 1656 894 futurum

144 913 197 964 sit
215 933 329 966 cum
361 914 487 987 gravi
519 912 722 965 aliorum
737 910 1072 966 dominiorum
1100 916 1476 982 perturbatione:
1502 937 1658 990 neque

143 994 276 1042 enim
289 991 456 1042 formae
471 1011 605 1043 novae
619 992 796 1063 absque
810 992 949 1044 aliaru
958 1012 1006 1043 m
1023 994 1214 1044 interitu
1229 993 1469 1045 introduci
1487 995 1658 1061 solenr5

144 1068 357 1139 cumque
375 1069 587 1120 alterutra
602 1069 625 1119 ὲ
640 1068 825 1120 duabus
849 1069 940 1122 illis
955 1072 1250 1123 Nationibus
1264 1072 1309 1121 in
1325 1073 1454 1123 Italia
1482 1073 1538 1123 ad
1548 1075 1658 1124 mita·

143 1146 288 1197 tenda
305 1145 743 1208 s1t‚convenientior
759 1148 922 1219 utique
939 1167 1022 1218 pro
1040 1146 1114 1199 illa
1127 1150 1207 1199 erit
1227 1148 1499 1218 Hispanica‚
1517 1149 1658 1222 liqui-

143 1222 258 1274 dem
284 1222 438 1276 ambae
456 1220 547 1274 istae
563 1224 648 1275 uni
676 1218 929 1297 eidemque
953 1224 1151 1277 subsunt
1183 1226 1376 1277 Climati
1397 1270 1407 1288 ,
1434 1229 1566 1297 quod
1584 1247 1659 1279 eas

141 1300 293 1353 reddit
322 1299 566 1353 similiores
589 1302 640 1354 in
665 1299 885 1354 firmitate
923 1303 1188 1376 Religionis
1212 1330 1226 1366 5
1248 1305 1297 1355 in
1328 1304 1658 1358 observatione

139 1379 319 1449 justitiae
334 1406 346 1441 5
363 1380 413 1430 in
431 1380 683 1432 actionum
699 1388 923 1453 gravitate
940 1406 952 1442 3
968 1382 1018 1432 in
1039 1378 1262 1433 fidelitate
1279 1399 1384 1454 erga
1400 1381 1507 1432 suos
1528 1385 1657 1434 Prin-

141 1457 265 1527 cipes
281 1484 294 1519 5
313 1457 362 1507 in
380 1456 646 1510 constantia
659 1456 995 1528 promissorum
1010 1458 1060 1507 δε
1077 1455 1170 1509 fide
1187 1457 1402 1528 publica3
1422 1459 1470 1510 in
1491 1461 1662 1512 mode-

143 1535 224 1588 stia
237 1532 732 1607 animorum‚ali1'sque
749 1532 912 1587 ritibus
927 1555 980 1588 ac
997 1536 1212 1588 moribus
1230 1559 1240 1585 ι
1256 1554 1362 1588 tum
1382 1537 1661 1610 etiam,quia

141 1614 243 1664 Rex
259 1613 496 1682 Hispaniae
510 1631 615 1664 non
631 1614 830 1683 imperat
842 1614 893 1665 in
910 1609 1038 1666 Italia
1053 1630 1286 1686 tanquam
1305 1630 1566 1678 extraneus,
1585 1614 1664 1667 sed

141 1709 377 1762 tanquam
396 1690 765 1759 Princepsltalus
782 1732 793 1753 ,
816 1692 899 1762 qui
917 1689 1035 1741 nibil
1053 1692 1102 1743 in
1129 1691 1261 1743 illam
1279 1691 1503 1760 obtendit
1520 1692 1666 1757 aliud,

139 1769 289 1839 quam
311 1783 362 1817 ut
376 1785 427 1817 ea
446 1768 708 1831 conservet,
723 1786 828 1837 quae
843 1767 964 1836 justo
981 1787 1117 1819 nunc
1131 1763 1275 1820 titulo
1290 1767 1505 1838 pollidet‚
1523 1770 1665 1840 quip-

137 1864 196 1917 pe
213 1844 295 1916 qui
315 1844 479 1911 majori
496 1861 610 1894 cum
628 1843 784 1895 Status
809 1843 1152 1894 emolumento
1169 1847 1510 1896 Monarchiani
1529 1849 1664 1899 {uam

139 1921 387 1975 extendere
406 1919 537 1991 poffit
555 1939 632 1990 per
649 1920 915 1974 vastiffimas
934 1918 1097 1971 Africae
1116 1919 1398 1973 Provincias.
1433 1925 1574 1974 Hanc
1591 1941 1663 1974 re-

139 2001 306 2064 gulam
326 1997 511 2049 secutus
529 1997 591 2046 est
608 2032 622 2052 ,
647 2000 693 2046 ὅ(
713 1997 804 2047 suis
820 1995 1010 2066 reliquit
1027 1994 1377 2047 Succefforibus
1399 2001 1495 2048 Rex
1509 1999 1666 2050 Perdi-

138 2060 332 2128 fundus
347 2070 657 2128 Catholicus‚
688 2071 890 2145 quando
909 2071 1132 2122 oblatum
1151 2072 1231 2124 sibi
1251 2074 1301 2123 in
1316 2073 1440 2125 ltalia
1455 2077 1667 2146 Impera-

140 2154 255 2208 toris
270 2150 466 2205 titulum
482 2145 710 2224 generose
727 2144 914 2221 respuit,
930 2144 1154 2202 dictitans
1171 2150 1288 2201 nibil
1305 2150 1412 2202 sein
1431 2150 1666 2224 illacupe.

139 2253 203 2296 re,
220 2230 369 2303 quam
383 2228 518 2301 quod
532 2229 627 2296 jure
646 2225 704 2280 ad
724 2228 768 2279 se
787 2228 1051 2298 pertineret,
1072 2245 1162 2281 nec
1179 2225 1363 2291 decere,
1380 2246 1430 2280 ut
1446 2223 1668 2300 Imperia-

140 2312 196 2363 lis
216 2309 421 2383 dignitas
436 2307 486 2358 in
506 2322 653 2376 partes
671 2304 1122 2358 distrahatur.Testes
1135 2306 1231 2374 ejus
1246 2308 1304 2358 rei
1325 2307 1349 2356 s
1347 2324 1434 2358 unt
1451 2324 1523 2358 tot
1538 2307 1668 2362 tam-

138 2408 233 2462 que
248 2386 378 2439 variae
394 2384 608 2436 restitutae
623 2383 777 2446 urbm,
795 2382 973 2453 absque
990 2401 1049 2435 eo
1062 2381 1196 2454 quod
1213 2386 1310 2435 Rex
1327 2385 1564 2454 Hispaniae
1588 2388 1671 2457 ju.

139 2486 186 2519 re
205 2464 350 2525 belli,
378 2464 427 2513 δε
452 2461 850 2530 compensatione
879 2461 1166 2532 sumptuum
1186 2456 1583 2534 damnorumque
1599 2458 1667 2516 uti

139 2544 357 2603 voluerit,
376 2555 453 2591 aut
473 2558 600 2591 arma
618 2539 797 2590 sumere
815 2534 1071 2608 (quamdiu
1090 2557 1194 2590 non
1215 2537 1321 2590 ursit
1339 2539 1593 2611 neceffitas)
1608 2541 1665 2592 si-

139 2642 196 2676 ve
214 2639 297 2692 pro
316 2616 592 2670 defensione
613 2614 810 2687 propria,
823 2614 911 2669 sive
928 2635 1011 2688 pro
1028 2613 1178 2668 alien'ii
1195 2617 1555 2686 conservat-ione
1569 2646 1582 2681 5
1598 2621 1666 2671 uti

139 2698 284 2771 reipsa
317 2696 488 2766 experti
514 2695 623 2746 sunt
654 2695 915 2745 Mantuani
945 2698 1121 2746 Duces,
1153 2687 1311 2760 Qod
1341 2694 1370 2745 fi
1403 2694 1668 2767 aliquando

137 2776 490 2829 Nivernensem
506 2772 641 2825 bello
659 2770 888 2846 aggressus
905 2771 969 2822 est
985 2807 1001 2826 ‚
1022 2790 1126 2823 non
1146 2768 1254 2824 ideo
1268 2771 1450 2823 factum
1466 2813 1478 2836 ,
1505 2792 1554 2824 nt
1570 2778 1669 2828 Ca-⁴

139 2855 295 2909 salum
312 2867 565 2921 occuparet
581 2878 592 2914 5
620 2847 1045 2921 quemadmodum
1062 2848 1289 2901 malevoli
1302 2852 1501 2920 quidam
1522 2854 1668 2905 inter-

140 2945 397 3006 pretantur,
415 2927 494 2980 sed
512 2944 563 2978 ut
580 2927 1076 2998 Imperatorjustitiam
1097 2926 1415 2980 administrare
1435 2928 1580 2998 poffet
1597 2932 1669 2995 iis,

140 3012 222 3085 qui
237 3010 307 3078 jus
320 3005 521 3076 aliquod
541 3010 589 3057 in
608 3007 762 3056 Status
776 3003 886 3056 illos
902 3004 982 3056 fibi
998 3003 1335 3058 vendicabant:
1354 3006 1670 3079 posteaquam

140 3090 274 3143 enim
291 3089 400 3138 Dux
414 3082 718 3138 Nivernensis
733 3101 810 3155 per
828 3083 1169 3136 Marchionem
1185 3082 1563 3137 Mirabellanum
1579 3091 1673 3138 Re-

990 3159 1030 3211 L
1050 3158 1097 3212 ll
1134 3180 1157 3211 2
1588 3166 1674 3242 giae
