2394 3768
433 300 825 341 SYMBOLA
893 300 1325 343 POLITICA.
1571 303 1642 340 161

111 372 207 423 [ex
224 368 306 421 alia
333 367 574 424 invisibilis
589 389 695 422 non
723 368 833 421 effer
848 413 861 433 ‚
893 387 998 441 quae
1016 367 1171 426 intus>
1202 370 1316 422 &in
1334 370 1502 422 animo
1520 369 1645 422 male

109 447 261 522 agenti
291 447 447 499 minas
471 449 745 500 intentaret.
769 450 894 499 Tam
928 443 1203 500 necessarius
1219 448 1283 500 est
1306 449 1357 500 in
1385 446 1643 519 Republica

106 527 248 578 timor
263 523 344 575 iste
361 572 374 589 ‚
404 542 458 577 ut
485 523 647 578 multis
664 525 820 595 impiis
833 522 1022 598 Religio
1049 543 1154 576 non
1173 524 1260 576 nifi
1284 526 1542 580 inventurn
1571 527 1643 580 vi-

105 603 270 654 deatur·
286 601 556 671 politicum.
586 601 715 670 Qis
728 602 904 673 absque
919 620 979 654 eo
991 596 1190 676 egestate
1217 600 1295 654 sua
1308 603 1359 652 ὃς
1384 602 1506 655 sorte
1523 621 1646 655 con-

105 695 262 732 tentus
275 679 445 732 viveret
458 686 471 730 ἒ
486 699 589 753 quae
609 680 659 732 in
677 680 822 749 pactis
834 680 885 730 δε
902 680 1155 734 conventis
1170 679 1292 732 foret
1307 678 1422 731 fides
1438 685 1452 730 ?
1468 699 1573 752 quae
1589 680 1644 732 in

104 755 488 811 administrandis
503 758 647 811 bonis
666 758 908 831 integritas
926 762 939 807 ?
960 776 1064 829 quae
1081 755 1282 810 fidelitas
1296 757 1346 808 in
1361 757 1645 811 muneribus

103 850 242 907 atque
256 831 456 889 officiis?
487 854 591 908 quae
609 834 825 887 securitas
837 838 972 887 vitae?
1005 838 1182 887 Paucos
1215 835 1461 887 Praemium
1486 834 1646 888 allice·

100 907 238 976 ret4s1
257 912 427 965 mediis
439 910 777 967 occultisillud
795 910 968 984 assequi
985 913 1286 986 contingeret
1301 958 1313 978 ‚
1336 912 1470 966 nulla
1486 912 1645 967 habita

100 989 331 1060 injustitiae
344 991 542 1045 ratione.
555 989 695 1043 Pauci
713 988 880 1042 eximia
891 991 1072 1043 virtutis
1086 990 1114 1040 s
1105 991 1235 1060 pecie
1251 1007 1540 1062 caperentur‚
1556 989 1643 1043 nisi

95 1065 524 1121 immarcessibilem
555 1069 792 1139 sperantes
820 1070 1074 1119 Coronam
1100 1067 1256 1137 potius
1287 1114 1300 1133 ‚
1327 1068 1479 1142 quam
1507 1067 1643 1121 illam

95 1147 430 1217 temporariam
444 1189 457 1211 ,
485 1146 649 1200 strie‘tis
663 1146 978 1200 continentiae
990 1144 1174 1218 legibus
1189 1143 1281 1198 sese
1295 1144 1500 1198 finerent
1514 1145 1642 1200 obli-

93 1224 202 1298 gari.
245 1223 368 1276 Mox
379 1223 602 1277 ordinem
616 1223 905 1294 Reipublicae
922 1222 1166 1275 turbarent
1178 1224 1287 1277 vitia
1301 1259 1317 1279 2
1335 1223 1524 1276 sublato
1538 1226 1639 1294 jam

94 1301 192 1352 fine
204 1300 449 1373 principali
474 1301 731 1366 felicitatiS‚
757 1301 926 1373 quaein
941 1301 1111 1354 virtute
1134 1299 1370 1365 consistit,
1401 1303 1445 1353 ἃ
1463 1300 1640 1355 funda-

94 1394 268 1430 mento
282 1376 371 1430 illo
386 1397 440 1431 ac
456 1379 822 1455 propugnaculo
840 1376 1107 1451 Religionis
1120 1414 1134 1439 2
1163 1396 1268 1447 quae
1284 1378 1512 1429 sustentat
1528 1382 1636 1429 Ma-

92 1455 335 1529 gistratum
352 1476 405 1510 ac
417 1471 572 1509 tuetur
585 1501 598 1520 ‚
612 1456 698 1509 nisi
711 1456 761 1508 in
778 1455 1001 1507 animum
1015 1452 1157 1505 suum
1174 1453 1458 1508 inducerent
1476 1456 1597 1510 cives
1615 1499 1630 1522 ,

93 1531 221 1585 aliud
237 1533 512 1604 supremum
524 1532 612 1585 effe
626 1532 835 1585 tribunal
850 1550 938 1603 pro
950 1530 1064 1584 solis
1077 1533 1255 1584 mentis
1273 1533 1508 1607 cogitatis,
1530 1551 1637 1606 quae

92 1609 165 1663 vel
195 1609 432 1683 suppliciis
456 1611 638 1663 aeternis
651 1608 843 1680 puniet,
871 1608 947 1661 vel
963 1608 1106 1661 bonis
1132 1610 1491 1664 immortalibus
1519 1630 1637 1664 rnu-

90 1687 288 1740 nerabit.
326 1690 439 1758 Spes
461 1683 1088 1740 isthaec&rnetusaNatur5
1115 1688 1292 1743 cuivis,
1320 1690 1636 1760 quantumvis

89 1765 244 1836 impio
260 1784 315 1818 ac
326 1763 555 1830 barbam,
586 1762 738 1816 indita
767 1773 1083 1834 componunt
1109 1760 1375 1820 hominum
1397 1767 1631 1819 aetioneS.

82 1844 223 1911 Cajus
240 1842 462 1917 Caligula
479 1846 611 1896 Deos
637 1839 884 1905 irridebat3
910 1838 1033 1893 dum
1048 1855 1213 1893 tamen
1239 1840 1412 1894 caelum
1427 1859 1636 1908 tonaret,

82 1920 223 1973 aliam
240 1921 529 1995 agnoscebat
543 1919 872 1992 potentiorem
886 1937 1092 1971 manum
1111 1963 1123 1982 ‚
1142 1918 1168 1971 a
1183 1918 1275 1991 qua
1296 1919 1505 1995 castigari
1521 1920 1634 1992 pos-

83 1998 166 2051 set.
200 2000 368 2051 Nemo
393 1998 456 2051 est
478 2042 491 2063 ,
518 1999 603 2071 qui
631 1999 739 2050 eam
756 2000 972 2071 ignoret3
1004 2003 1163 2069 neque
1178 1998 1337 2051 ullum
1356 2010 1439 2051 cor
1461 1998 1633 2052 huma-

84 2094 207 2128 num
226 2119 239 2139 ,
271 2075 407 2148 quod
423 2075 591 2129 divino
607 2075 690 2128 illo
708 2079 935 2150 Magnete
948 2077 1133 2126 tatfrum
1150 2074 1196 2126 se
1211 2094 1319 2127 non
1339 2077 1510 2128 sentiat
1535 2098 1547 2127 ε
1580 2078 1633 2128 ὅτ.

83 2152 201 2206 sicut
216 2172 325 2205 acus
338 2158 530 2207 nautica
544 2172 599 2206 ex
616 2156 911 2229 cognatione
924 2150 1134 2225 quadam
1151 2154 1343 2204 Naturae
1355 2154 1405 2204 &
1428 2154 1635 2207 consen.-

86 2235 137 2283 su
154 2275 166 2293 ‚
183 2249 330 2303 quam
357 2230 642 2298 συμπείθειν
668 2231 816 2284 Graeci
841 2246 1024 2284 vocant
1038 2273 1050 2294 ‚
1068 2230 1119 2281 in
1133 2248 1361 2301 perpetuo
1374 2247 1517 2284 motu
1534 2231 1600 2284 est
1615 2267 1632 2289 ‚

85 2307 247 2361 donec
276 2308 369 2361 sese
386 2307 542 2360 firmet
566 2308 625 2360 ad
644 2308 806 2362 lucem
824 2308 964 2360 stellae
979 2306 1102 2359 illius
1125 2307 1325 2379 polaris,
1353 2309 1473 2363 circa
1486 2328 1638 2382 quam

86 2384 345 2439 volvuntur
363 2384 563 2439 caelestes
579 2386 716 2437 orbes
738 2408 749 2435 ε
774 2386 839 2438 ita
853 2384 997 2438 nobis
1014 2387 1183 2457 quietis
1200 2388 1351 2440 vivere
1368 2406 1474 2438 non
1494 2387 1605 2441 licet
1622 2431 1638 2451 ,

87 2462 250 2516 donec
272 2464 593 2538 agnoscamus
616 2463 667 2514 ὅ(
684 2480 961 2514 veneremur
980 2463 1247 2516 increatum
1264 2463 1383 2516 illud
1401 2464 1537 2517 Sidus
1554 2510 1566 2529 ,
1580 2466 1634 2516 in

88 2559 191 2612 quo
205 2560 309 2594 vera
326 2540 390 2592 est
407 2541 588 2613 requies
602 2586 615 2606 ‚
643 2543 692 2592 δε
709 2537 841 2591 unde
872 2557 1030 2590 rerum
1049 2542 1283 2593 omniurn
1297 2557 1463 2593 motus
1486 2540 1638 2611 profi-

93 2619 294 2672 ciscitur.
334 2620 507 2692 Ecquis
533 2617 687 2694 magis
717 2615 777 2669 eo
805 2615 1052 2669 intendere
1083 2616 1227 2670 debet
1253 2617 1453 2674 oculos,
1483 2617 1636 2691 quam

90 2697 312 2768 Princeps
325 2742 337 2761 ,
358 2699 440 2770 qui
452 2696 686 2750 Navarchi
704 2694 846 2748 instar
858 2693 1232 2764 Rempublicam
1249 2694 1555 2752 moderaturs
1581 2710 1635 2748 ut

88 2773 268 2828 salvam
285 2776 336 2826 in
353 2791 492 2845 portu
510 2773 630 2826 fistat
646 2780 660 2826 ?
679 2792 837 2845 neque
851 2769 1023 2825 sufficit
1038 2817 1050 2836 ‚
1070 2772 1204 2845 quod
1218 2772 1293 2826 res
1287 2772 1569 2844 picereillud
1585 2773 1634 2826 se

88 2850 277 2905 simulet
294 2896 307 2917 ,
334 2851 365 2903 fi
382 2852 495 2905 astra
511 2852 598 2905 alia
612 2871 735 2907 vana
749 2852 801 2902 ὃς
826 2849 1064 2903 nebulosa
1079 2867 1364 2904 contueatur
1379 2878 1392 2915 5
1421 2850 1483 2904 fic
1497 2851 1633 2904 enim

88 2929 315 2983 deerrabit
330 2928 355 2982 ὲ
370 2929 442 2983 via
454 2975 466 2994 ‚
485 2930 774 3000 Reipublicae
789 2929 954 2983 navim
978 2930 1029 2982 in
1048 2930 1202 3003 Syrtes
1218 2930 1267 2979 δε
1282 2928 1507 2999 scopulos
1524 2928 1635 2981 alli·-

86 3005 182 3072 det,
197 3009 247 3058 &
264 3009 568 3082 naufragium
583 3008 734 3060 faciet.
756 3006 967 3078 Populus
980 3008 1032 3059 in
1047 3007 1307 3078 opiniones
1320 3005 1523 3077 dispares
1539 3007 1633 3077 pri-

88 3086 226 3137 mum
241 3121 258 3143 ³
288 3085 462 3140 deinde
480 3087 532 3138 in
544 3084 718 3141 diversa
732 3085 936 3139 trahetur
951 3083 1269 3139 voluntatum
1284 3084 1435 3138 studia
1456 3128 1470 3147 ,
1497 3082 1630 3136 unde

932 3164 982 3213 O
1022 3182 1043 3221 3
1440 3160 1630 3216 seditio-
