2394 3768
718 332 800 384 246
1157 320 1471 368 DIDACI
1534 320 2004 363 SAAVEDRAE

717 418 815 453 mm
833 396 1013 468 fhmnos
1027 393 1197 464 fi’curos
1223 391 1341 467 capit
1358 435 1371 456 ‚
1385 408 1479 466 qua
1506 387 1585 463 etsi
1612 408 1704 442 non
1727 390 1968 465 percutiat
1981 424 1997 446 ,
2013 385 2131 442 cene?
2149 383 2274 462 fhlli-

716 464 864 536 αἰανῆ
903 470 1044 524 tutius
1068 469 1129 542 est
1149 473 1293 545 perire
1317 487 1407 521 non
1424 464 1536 544 poffi’
1557 466 1724 544 ,qudm
1747 467 1886 542 juxta
1910 464 2158 543 periculum
2186 481 2278 519 non

705 546 939 628 periiffea.

826 633 879 686 5.
930 628 1034 679 Nec
1051 623 1215 678 minus
1231 623 1393 677 fallere
1411 642 1502 676 nos
1517 621 1638 676 solet
1653 622 1816 694 spes&
1837 621 2013 675 fiducia
2033 667 2046 688 ,
2061 622 2211 696 quam
2225 622 2278 674 in

715 706 870 760 aliena
882 702 1154 758 Clementia
1166 703 1400 775 ponimus
1422 747 1435 766 ,
1448 699 1652 774 quando
1669 699 1727 753 ad
1742 700 2102 757 declinandum
2117 719 2279 754 unum

716 783 980 857 periculum
997 780 1326 836 incidimusin
1343 779 1475 833 aliud
1489 778 1860 855 graviuS‚hostis
1888 781 2120 834 nimirum
2154 779 2281 833 arbi-

717 865 808 916 trio
827 863 1023 916 nosmet
1052 857 1435 913 committendo,
1472 857 1887 928 Contemplamur
1915 860 1967 910 in
1998 877 2058 910 eo
2073 876 2281 932 genero-

718 941 905 994 sitatem
937 939 1085 994 veniae
1113 973 1131 995 ‚
1167 956 1274 990 non
1307 937 1535 991 vindietae
1561 974 1575 998 ,
1599 952 1681 988 aut
1711 934 1999 989 ambitionis
2026 937 2286 1007 impetum.

720 1019 907 1073 Dolore
925 1018 1115 1081 nostrO,
1131 1017 1180 1068 ὅ(
1202 1013 1610 1068 afflic‘tioneillius
1635 1015 1866 1068 metimur
1892 1012 2288 1077 misericordiam,

721 1101 767 1150 ἃ
801 1096 943 1151 facile
967 1095 1115 1149 nobis
1147 1092 1487 1166 persuademus
1513 1092 1616 1146 fore
1642 1132 1658 1156 ,
1684 1109 1736 1145 ut
1754 1091 1815 1145 ad
1845 1090 2117 1146 remedium
2146 1089 2287 1144 malis

721 1176 894 1229 nostris
910 1172 1235 1228 adferendum
1250 1172 1554 1242 commoveri
1583 1169 1737 1242 possit.
1777 1168 1917 1223 Cum
1936 1170 2144 1224 Iacobus
2169 1173 2289 1222 Ter-

721 1253 814 1308 tius
836 1253 1076 1324 Majoricae
1093 1254 1197 1304 Rex
1211 1250 1386 1304 viribus
1413 1268 1494 1321 par
1519 1268 1627 1301 non
1647 1248 1759 1301 esset
1785 1251 1923 1301 Petro
1954 1248 2147 1314 Quarto
2177 1252 2290 1301 Ara·

720 1333 880 1409 goniae
902 1332 1021 1405 Regi
1038 1327 1174 1383 affini
1185 1327 1273 1382 suo
1287 1374 1300 1392 ,
1313 1330 1395 1402 qui
1414 1327 1580 1382 nescio
1593 1346 1697 1401 quo
1711 1342 1935 1398 praetextu
1957 1328 2202 1398 sceptrum
2215 1325 2284 1380 illi

723 1412 895 1482 eripere
927 1409 1173 1484 cogitabat
1191 1453 1204 1473 ,
1229 1410 1328 1479 ejus
1353 1404 1724 1460 sese'comrnisit
1750 1404 1948 1459 arbitrio
1974 1448 1988 1470 ‚
2012 1405 2287 1459 existimans

723 1489 812 1543 haic
827 1486 908 1541 suti
924 1487 1207 1541 demissione
1233 1486 1555 1539 obtenturum
1574 1483 1601 1535 s
1598 1503 1623 1536 e
1641 1527 1654 1549 ,
1679 1481 1818 1556 quod
1850 1502 1992 1536 armis
2022 1503 2131 1537 non
2152 1499 2287 1558 pote-

725 1583 795 1620 rat
823 1593 838 1632 5
869 1565 1034 1620 verum
1057 1565 1164 1637 plus
1188 1567 1241 1618 in
1270 1567 1404 1639 Rege
1429 1563 1519 1617 illo
1566 1561 1865 1615 dominandi
1908 1561 2066 1616 libido
2091 1564 2287 1635 potuit,

726 1645 881 1719 quam
908 1643 1206 1697 Clementiae
1246 1644 1422 1705 virtus,
1449 1638 1669 1712 adeoque
1696 1656 1849 1713 regno
1876 1639 2020 1693 illurn
2047 1642 2211 1707 pariter
2237 1642 2290 1692 &

728 1724 876 1777 titulo
888 1723 1020 1797 regio
1036 1722 1180 1775 exuit.
1219 1724 1400 1772 Itanos
1414 1717 1591 1770 fallunt
1604 1718 1809 1786 pericula
1825 1718 1901 1781 ,δε
1917 1718 2070 1787 majus
2103 1717 2192 1772 effe
2207 1718 2291 1773 de-

732 1801 1077 1873 prehendimus
1093 1796 1368 1860 interdurn,
1404 1794 1542 1868 quod
1573 1811 1807 1867 tanquam
1836 1796 2000 1847 minus
2015 1796 2115 1850 aliis
2146 1797 2295 1873 elegio

738 1897 865 1931 mus,
905 1876 1120 1928 Nullum
1139 1873 1400 1928 confilium
1413 1874 1632 1926 securum
1649 1907 1664 1928 ,
1679 1871 1815 1945 quod
1840 1874 1894 1926 iis
1920 1873 2140 1927 innititur
2161 1877 2288 1947 prin-

741 1957 873 2026 cipiis
889 1998 900 2018 ,
916 1973 1021 2026 quae
1034 1953 1096 2007 ab
1116 1952 1275 2005 alieno
1288 1950 1566 2022 dependent
1603 1950 1810 2003 arbitrio.
1843 1954 1898 2003 In
1915 1971 1976 2004 eo
2001 1951 2292 2025 nosmetipsi

742 2032 1038 2103 decipimus,
1068 2029 1201 2103 quod
1233 2027 1626 2100 putamUS,nihil
1651 2030 1840 2080 acturos
1868 2029 2016 2096 alios,
2044 2030 2180 2103 quod
2212 2046 2295 2084 aut

742 2110 997 2184 religioni,
1028 2125 1109 2160 aut
1137 2107 1319 2177 justitiae
1338 2151 1350 2171 ,
1368 2123 1448 2158 aut
1476 2105 1913 2179 consanguinitati,
1939 2125 2020 2160 aut
2049 2109 2298 2174 amicitiae,

743 2204 824 2239 aut
839 2187 1015 2239 honori
1035 2203 1206 2237 eorum
1219 2185 1412 2255 proprio
1426 2227 1439 2247 ,
1465 2184 1516 2234 ὅ(
1530 2182 1719 2234 utilitati
1733 2182 1996 2238 adversatur
2011 2213 2024 2250 5
2041 2205 2198 2260 neque
2213 2186 2296 2240 ad-

744 2265 1000 2327 vertimus,
1020 2282 1126 2315 non
1158 2263 1342 2333 semper
1370 2281 1422 2314 ea
1448 2262 1602 2314 facere
1629 2259 1856 2314 homines
1872 2306 1883 2326 ,
1907 2282 2013 2336 quae
2029 2263 2183 2339 magis
2207 2266 2232 2317 ὲ
2253 2284 2300 2318 re

747 2343 963 2413 ipsorum
974 2342 1150 2405 forent,
1169 2358 1248 2393 aut
1263 2357 1368 2413 quae
1381 2338 1627 2403 deberent5
1642 2339 1721 2392 sed
1737 2340 2008 2394 secundum
2024 2344 2174 2395 animi
2193 2344 2279 2415 pas
2274 2373 2299 2384 -

745 2421 901 2473 fiones
929 2417 1088 2492 potius
1104 2463 1118 2482 ‚
1142 2420 1192 2470 ὃ(
1208 2416 1765 2491 proutipfiintelligunt:
1786 2436 1928 2492 atque
1950 2418 2071 2473 adeo
2084 2421 2299 2475 astiones

743 2498 942 2552 illorum
961 2516 1064 2550 non
1083 2497 1143 2549 ad
1163 2495 1381 2549 amuffim
1398 2496 1598 2549 rationis
1623 2497 1951 2550 examinanda:
1964 2498 2075 2550 sunt
2106 2498 2268 2552 solum
2282 2545 2295 2565 ‚

746 2577 827 2630 sed
845 2578 991 2629 etiarn
1008 2575 1069 2627 ad
1086 2575 1280 2629 malitiae
1293 2573 1506 2649 regulam
1522 2608 1536 2630 ,
1551 2574 1601 2625 δ(
1614 2578 1950 2646 experientiam
1962 2576 2297 2647 injustitiarum

743 2657 793 2707 ὅ(
809 2653 1127 2727 tyrannidum
1146 2698 1159 2720 ,
1184 2673 1303 2728 quas
1319 2652 1482 2721 paffim
1508 2652 1730 2705 Mundus
1758 2670 1954 2709 exercet.

855 2738 909 2793 5.
941 2733 1148 2786 Pericula
1163 2733 1338 2804 optimi
1353 2730 1467 2783 sunt
1484 2731 1708 2802 Principis
1724 2732 1948 2808 magistri.
1967 2733 2192 2786 Praeterita
2203 2732 2297 2786 do-

748 2828 861 2864 cent
876 2830 1033 2864 curare
1046 2811 1286 2883 praesentia
1301 2854 1313 2875 ,
1330 2810 1375 2860 ὅ(
1397 2809 1553 2862 futura
1568 2810 1846 2879 praevenire:
1875 2810 2043 2864 Aliena
2056 2810 2299 2878 erudiunt,

698 2946 701 2949 Δ
748 2888 829 2940 sed
849 2889 1030 2941 facile&
1056 2889 1291 2941 memoria
1319 2886 1580 2940 excidunt:
1610 2888 1796 2956 Propria
1840 2887 2141 2942 damnorum
2166 2888 2299 2964 signa

748 2966 972 3038 quaedam
989 2967 1039 3016 ὃ(
1058 2968 1295 3020 cicatrices
1311 2964 1595 3037 relinquunt
1608 2965 1659 3016 in
1677 2967 1862 3031 animo3
1877 2968 1946 3020 uti
1961 2969 2010 3019 ἃ
2027 2983 2215 3019 metum
2228 2967 2296 3032 id,

750 3042 886 3116 quod
903 3046 1000 3097 vim
1019 3046 1402 3118 imaginatricem
1416 3043 1563 3096 semel
1582 3039 1807 3097 offendit.
1834 3043 2126 3099 Cavendum
2142 3045 2297 3119 igitur,

751 3140 813 3174 ne
840 3140 892 3173 ea
920 3121 1138 3174 omnino
1170 3137 1486 3193 contemptus
1513 3119 1672 3174 eradat
1698 3138 1780 3177 aut
1805 3123 2020 3186 oblivio,
2051 3126 2302 3194 praesertim

2103 3204 2314 3271 quando
