2394 3768
13 364 16 374 Ι
419 315 821 356 SYMBOLA
882 312 1312 358 POLITICA.
1568 317 1644 373 589

12 378 15 443 J
67 404 71 407 ¹
114 380 177 432 les
194 424 205 444 ,
220 380 455 454 liquidem
483 382 831 436 dominatuum
859 384 1138 437 immutatio
1151 419 1167 439 ,
1197 387 1549 462 transmigratio
1579 391 1640 443 ab

12 453 14 480 *
114 459 208 512 una
225 461 440 511 Natione
453 459 510 512 ad
529 461 671 513 aliam
690 505 701 524 ‚
727 461 1025 514 conversatio
1043 508 1054 525 ‚
1085 465 1393 517 matrimonia
1407 510 1418 529 ‚
1451 465 1634 521 bellum

112 539 159 587 δε
180 557 265 607 pax
282 565 294 602 3
310 555 449 609 atque
465 538 584 590 adeo
599 538 645 590 hi
664 537 744 608 ipfi
759 554 921 589 motus
937 540 1191 592 caelestium
1206 542 1470 611 spartarum,
1489 563 1594 616 quae
1608 546 1634 598 a

114 616 238 685 polis
255 661 266 678 ‚
293 616 316 666 a
331 615 537 667 zodiaco
551 616 687 686 primi
704 614 905 667 Mobihs
918 617 1152 690 imagines
1167 618 1365 671 caelestes
1380 621 1430 672 in
1447 621 1545 676 haec
1562 623 1639 675 in—

112 694 277 745 feriora
302 692 514 745 derivant
531 722 546 747 ³
577 695 843 744 immutant
870 692 1173 746 habitudines
1190 715 1244 748 ac
1263 714 1445 762 more3‚
1471 697 1632 753 imm&

112 771 262 842 ipsam
280 771 422 822 etiam
441 772 692 821 Naturam.
722 772 853 821 Nam
868 769 897 820 si
917 770 1127 823 historias
1153 772 1399 825 consulere
1416 775 1603 832 libuerit
1618 815 1631 842 4

112 850 395 919 reperiemus
409 863 606 898 notatos
623 848 747 898 olim
764 845 894 899 fuisse
914 851 1180 902 Germanos
1199 894 1210 913 ‚
1225 848 1358 922 quod
1374 852 1519 905 nimis
1534 855 1634 906 alto

112 925 257 978 essent
274 931 441 977 animo
457 924 625 987 5Italos
639 923 807 976 contr‘a
823 969 834 988 ,
851 924 985 997 quod
1000 928 1145 979 nimis
1160 928 1349 997 abjeeto
1363 929 1413 979 ὅ(
1437 929 1638 983 humili:

111 1023 215 1075 quae
231 1000 497 1055 differentia
516 1001 658 1054 hodie
676 1021 781 1054 non
800 1007 1018 1055 cernitur.
1061 1005 1297 1057 Nationes
1315 1025 1393 1077 per
1405 1008 1527 1061 vices
1544 1008 1641 1060 do-

114 1084 360 1132 minatum
387 1080 626 1133 exercuere
644 1126 654 1144 ,
679 1081 725 1131 &
744 1079 863 1132 dum
882 1086 931 1132 in
950 1082 1003 1134 iis
1032 1084 1318 1136 Monarchia
1345 1084 1638 1156 perduravit,

111 1159 377 1209 floruerunt
391 1161 602 1223 virtute5‚
629 1175 745 1210 artes
759 1175 901 1230 atque
919 1178 1046 1211 arma
1062 1187 1078 1216 ,
1107 1179 1211 1233 quae
1224 1161 1382 1231 poste‘a
1401 1163 1637 1216 cineribus

112 1237 202 1288 suis
228 1235 388 1288 obruit
405 1239 541 1288 ruina
558 1236 739 1307 imperii
760 1279 772 1299 ,
802 1238 851 1287 δε
868 1235 1006 1289 fimul
1024 1257 1138 1291 cum
1154 1237 1328 1291 eodem
1345 1239 1454 1293 alibi
1472 1241 1637 1293 denuo

109 1314 190 1368 illa
206 1330 364 1365 renata
381 1316 507 1366 sunt.
524 1314 707 1366 Verum
722 1313 792 1365 his
806 1313 1126 1379 obstantibus,
1139 1316 1188 1367 in
1207 1318 1504 1372 Nationibus
1518 1339 1634 1371 orn-

111 1392 256 1444 nibus
274 1392 453 1463 semper
479 1408 733 1445 remanent
747 1391 1086 1462 propenfiones
1110 1393 1278 1465 aliquae
1291 1397 1341 1446 &
1355 1395 1636 1453 affeetjones

112 1470 284 1541 cuique
301 1473 494 1541 propriae
513 1514 525 1534 ,
550 1489 653 1543 quae
669 1470 831 1522 exteris
851 1471 996 1523 etiam
1025 1469 1088 1541 (fi
1104 1469 1186 1523 diu
1199 1473 1297 1526 una
1315 1493 1638 1527 commoren-

111 1549 203 1615 tur)
224 1546 395 1599 senlim
412 1547 750 1600 adhaerescunt.

221 1631 275 1683 §-
302 1628 526 1700 Cognitis
550 1627 690 1699 igitur
712 1625 988 1678 Nationum
1017 1624 1233 1679 moribus
1248 1671 1261 1691 ,
1291 1626 1438 1703 longe
1466 1629 1640 1700 poterit

109 1703 330 1773 Princeps
349 1706 622 1775 pertratstare
640 1701 808 1755 melius
824 1705 1018 1777 negotia
1032 1705 1112 1755 seu
1127 1707 1252 1773 pacis
1269 1753 1282 1771 ,
1307 1708 1388 1758 seu
1406 1706 1518 1759 belli
1532 1741 1558 1767 ,ὶ
1587 1707 1638 1757 δε

108 1781 136 1832 s
132 1782 221 1833 ciet
234 1780 496 1853 gubernare
515 1781 782 1833 Provincias
794 1797 985 1842 exteras,
999 1798 1204 1851 quarum
1221 1782 1446 1852 quaelibet
1462 1784 1522 1835 ad
1538 1803 1639 1837 cers

107 1875 216 1910 tum
233 1857 595 1930 gubernationis
615 1855 825 1909 modum
843 1890 858 1911 ,
885 1870 1122 1927 tanquam
1138 1872 1314 1908 naturae
1328 1860 1419 1910 suae
1433 1861 1638 1915 confor-

107 1954 259 1997 mem,
276 1935 428 2010 magis
442 1935 721 2006 propendet.
753 1929 964 1988 Natura
974 1934 1099 1985 enim
1109 1932 1346 2007 quoddam
1366 1932 1635 1991 hominum

98 2031 245 2090 genm
252 2012 452 2087 proclive
467 2011 543 2086 est,
560 2025 610 2063 ut
628 2014 811 2086 imperio
822 2008 950 2063 herili
950 2006 1241 2083 gubernetur,
1259 2010 1391 2065 aliud
1403 2056 1415 2076 ,
1432 2028 1486 2065 ut
1501 2018 1632 2087 regio,

105 2088 253 2154 aliud,
264 2102 315 2141 ut
330 2088 478 2152 civili,
495 2093 561 2147 ἐς
575 2086 732 2141 horum
746 2089 984 2162 imperium
995 2086 1206 2163 cujusque
1220 2087 1354 2141 aliud
1361 2089 1508 2163 estjus
1519 2135 1531 2152 ,
1560 2096 1633 2166 &A

109 2167 204 2222 alia
227 2166 544 2220 commoditas.
569 2169 690 2217 Non
705 2165 940 2217 omnibus
955 2164 1212 2215 uniformis
1230 2165 1294 2217 est
1308 2168 1427 2217 ratio
1446 2166 1600 2221 Status
1617 2213 1631 2234 ,

105 2247 221 2299 ficut
237 2263 326 2296 nec
341 2243 405 2296 est
423 2243 687 2307 medicina,
709 2242 804 2316 qua
831 2257 1067 2294 curantur.
1100 2239 1217 2308 ch
1246 2245 1298 2294 in
1317 2261 1364 2295 re
1388 2243 1503 2315 saepe
1527 2246 1630 2300 falli

107 2326 267 2381 solent
284 2321 551 2374 Consiliarii
582 2321 806 2392 inexperti
827 2364 840 2384 ,
866 2320 949 2392 qui
976 2318 1243 2372 existimant
1258 2323 1353 2395 regi
1368 2320 1485 2372 alios
1500 2322 1629 2393 posse

106 2399 376 2458 secundum
395 2401 575 2475 regulas
589 2401 639 2450 ὃ(
665 2397 890 2469 principia
905 2414 1074 2448 eorum
1090 2398 1311 2451 Statuum
1327 2434 1343 2455 ,
1372 2399 1548 2471 quibus
1561 2401 1626 2453 illi

104 2479 309 2539 consiliis
323 2478 413 2530 suis
427 2477 647 2530 affistunt.
662 2479 876 2528 Fraenum
894 2473 1031 2527 facile
1047 2475 1140 2526 His
1136 2476 1288 2546 paniS,
1302 2495 1407 2528 non
1421 2476 1539 2530 item
1558 2479 1629 2531 fa-

103 2561 191 2616 cile
206 2557 270 2608 est
289 2555 413 2608 Italis
426 2560 471 2607 ὅτ
491 2555 665 2628 Belgis:
703 2557 751 2604 δε
771 2553 888 2606 ficut
905 2553 1014 2605 varii
1028 2552 1139 2604 sunt
1154 2551 1321 2610 modi,
1351 2553 1526 2627 quibus
1540 2575 1628 2608 cu-

101 2654 279 2697 rantur,
295 2639 582 2687 tractantun
601 2634 650 2684 &
670 2627 1021 2685 condocefiunt
1036 2631 1146 2703 equi
1163 2630 1380 2702 Hispani,
1394 2632 1629 2703 Neapoli-

103 2715 268 2771 tani&
285 2714 520 2786 Hungari‚
534 2710 613 2763 etfi
632 2712 773 2763 unius
789 2708 878 2761 (int
896 2707 1089 2778 speciei5
1120 2711 1182 2786 ita
1198 2711 1340 2761 etiam
1357 2708 1629 2763 diverfimm

103 2795 165 2848 de
179 2791 427 2868 gubernari
443 2789 623 2842 debent
638 2790 876 2842 Nationes
890 2785 1158 2839 secundum
1174 2803 1362 2840 naturas
1379 2787 1498 2853 suaS,
1512 2807 1627 2841 moa

101 2892 171 2928 res
183 2892 238 2924 ac
255 2868 573 2922 habitudines,

216 2953 281 3000 Ex
294 2945 374 3000 ista
388 2945 564 3000 diversa
574 2945 793 3020 gentium
807 2941 1093 2995 conditione
1108 2941 1275 2994 inferre
1288 2940 1627 3016 licebit,quan-

103 3027 148 3083 ta
160 3027 427 3081 attentione
444 3025 492 3077 in
512 3022 759 3076 mittendis
774 3021 964 3096 Legatis
978 3020 1248 3073 curandum
1266 3017 1320 3072 fit
1339 3021 1554 3092 Principi,
1572 3035 1626 3074 ut

107 3109 136 3162 ii
154 3124 262 3161 non
275 3101 436 3158 solum
455 3103 514 3157 ab
528 3101 763 3155 omnibus
777 3099 921 3153 donis
937 3099 1150 3152 instrueti
1167 3098 1284 3164 sint,
1299 3099 1359 3152 ad
1373 3100 1625 3170 repraesen-

891 3180 938 3230 D
958 3176 990 3229 d
1007 3176 1040 3228 d
1427 3176 1628 3230 tandam

1659 1962 1755 1998 Arist.
1769 1961 1825 1996 lib.
1847 1962 1875 2006 3.

1657 2013 1756 2048 Polit.
1777 2025 1805 2046 c.
1823 2022 1877 2045 12..
