2394 3768
480 1070 538 1104 lsa.
555 1076 587 1105 6,
604 1073 634 1104 εἰ.

736 326 813 364 590
1084 299 1907 342 DiDACISAAVEDRAE

732 376 933 429 tandam
949 373 1043 440 ejus
1060 369 1312 439 personam
1333 411 1344 430 ,
1361 367 1410 416 ὅ(
1426 366 1704 436 potestatem
1725 365 2036 417 exercendam
2054 410 2065 428 ,
2096 367 2174 418 sed
2195 384 2261 419 et—

732 458 845 524 jam,
860 468 910 502 ut
927 448 1197 500 eorundem
1218 462 1409 507 naturae,
1424 446 1694 517 ingenium,
1713 463 1765 494 ac
1782 461 1937 494 mores
1957 444 2261 496 consentiant

737 548 849 582 cuni
868 527 1068 580 naturis,
1089 524 1290 592 ingenio
1308 566 1321 586 ‚
1339 542 1393 574 ac
1409 521 1624 572 moribus
1640 521 1762 571 illius
1777 521 2030 575 Nationis,
2050 521 2258 591 quacum

737 623 872 679 agere
891 603 1096 655 debent:
1118 620 1233 651 nam
1250 599 1278 650 si
1300 599 1397 650 liaec
1413 598 1526 649 defit
1553 599 1867 649 conformitas
1886 632 1900 653 ‚
1934 597 2261 670 magisidonei

730 698 867 734 erunt
883 681 939 732 ad
960 678 1288 732 suscitandum
1306 676 1669 747 bellum,quam
1688 679 1744 726 ad
1762 694 1929 744 pacem
1949 673 2257 732 firmandam,

730 757 885 833 magis
903 757 960 809 ad
979 755 1302 810 conflandum
1316 756 1486 812 odium
1504 797 1516 816 ‚
1543 754 1691 825 quam
1708 753 1764 803 acl
1783 753 2090 804 voluntatum
2110 752 2260 806 studia

729 837 1171 891 concilianda.Eam
1186 833 1254 884 ob
1273 851 1371 883 rem
1388 835 1547 881 Deum
1564 832 1720 902 ipsum
1739 830 2018 900 suspensum
2036 831 2163 902 quasi
2179 832 2261 882 lia-

731 916 835 968 buit
853 960 864 979 ,
891 917 938 965 &
957 912 1163 965 dubium
1184 911 1357 963 eleetio
1377 909 1580 960 Ministri
1601 908 1792 977 alicujus
1812 907 2002 962 idonei,
2033 927 2179 979 quem
2199 909 2258 960 ad

726 992 964 1066 populum
981 992 1121 1042 suuni
1145 990 1366 1050 mitteret,
1384 1004 1524 1058 atque
1541 986 1651 1037 ideo
1664 986 1826 1037 secum
1846 984 1938 1053 ipse
1952 986 2253 1038 deliberatio-

730 1091 845 1123 nem
863 1069 1064 1121 instituit
1082 1090 1090 1117 :
1109 1086 1241 1143 quem
1259 1067 1462 1120 mittam,
1478 1068 1542 1122 ξεῖ
1558 1065 1656 1138 qma·
1671 1062 1752 1116 ibit
1766 1060 1890 1115 nohis
1904 1067 1928 1113 ,Ρ
1957 1064 2075 1114 Aula
2091 1064 2258 1135 quaeli-

729 1150 808 1201 bet
828 1147 1051 1202 Ministro
1078 1148 1243 1217 aliquo
1271 1161 1447 1194 naturae
1472 1142 1561 1192 snae
1589 1142 1834 1193 confort-ni
1864 1160 1983 1211 opus
2009 1140 2165 1193 habet.
2200 1145 2255 1192 In

727 1224 956 1278 Romana
974 1223 1171 1297 quidem
1186 1221 1266 1273 illa
1282 1221 1490 1291 probant
1506 1220 1699 1292 ingenia
1718 1236 1912 1283 attenta,
1929 1238 2031 1291 quae
2047 1219 2258 1271 diffimu„

727 1305 859 1358 landi
878 1322 1024 1356 artem
1042 1300 1190 1373 probe
1204 1300 1428 1350 noverint
1448 1344 1459 1362 ,
1486 1298 1548 1349 ita
1568 1315 1618 1350 ut
1637 1316 1727 1350 nec
1747 1299 1795 1350 in
1817 1298 2064 1352 sermone,
2097 1299 2255 1349 necin

728 1383 867 1439 vultu
883 1383 979 1434 ulla
997 1381 1043 1432 se
1065 1377 1232 1450 prodat
1256 1376 1397 1448 pallio
1421 1403 1434 1439 5
1461 1377 1542 1448 qui
1559 1375 1720 1427 sinceri
1748 1376 1996 1429 videantur
2014 1420 2026 1439 ‚
2057 1378 2105 1426 δε
2121 1376 2256 1428 astuti

732 1463 824 1515 sint
841 1481 892 1512 ac
914 1459 1166 1532 prudentes
1184 1483 1196 1519 5
1211 1457 1294 1527 qui
1312 1453 1524 1528 obligare
1541 1454 1688 1505 sciant
1707 1454 1823 1506 alios
1837 1489 1850 1509 ,
1872 1454 1916 1505 se
1931 1453 2038 1507 vero
2055 1453 2261 1506 obstrin-

733 1557 852 1616 gant
869 1538 1053 1590 nemini
1066 1564 1079 1599 5
1092 1535 1296 1588 humani
1310 1535 1360 1585 in
1379 1530 1635 1584 tractandis
1650 1533 1869 1606 negotii5‚
1883 1533 2041 1584 faciles
2055 1534 2103 1584 in
2121 1550 2261 1583 com-

735 1616 993 1690 ponendis,
1012 1614 1170 1666 secreti
1188 1614 1236 1663 in
1256 1613 1327 1667 iis,
1341 1630 1445 1684 quae
1464 1610 1749 1671 moliuntur,
1765 1609 2036 1664 constantes
2053 1616 2103 1663 in
2117 1608 2261 1661 semel

734 1696 931 1758 statutiS,
944 1693 1084 1746 amici
1101 1693 1351 1753 omnium,
1368 1690 1555 1742 nemini
1572 1688 1838 1740 familiares.

813 1773 934 1824 Aula
949 1771 1156 1821 Caesarea
1175 1771 1274 1820 viro
1289 1767 1489 1839 indiget,
1503 1766 1584 1836 qui
1600 1764 1775 1836 absque
1790 1762 1996 1832 superbia
2014 1766 2261 1817 auctorita-

736 1868 836 1902 tem
864 1850 1038 1900 servet:
1071 1846 1153 1915 qui
1182 1845 1405 1914 loquatur
1434 1861 1547 1893 cum
1577 1840 1863 1902 sinceritate,
1888 1860 2001 1893 cum
2035 1842 2263 1895 modesti&

738 1940 980 1999 proponat
999 1968 1010 1987 ,
1035 1921 1283 1973 satisfaciat
1301 1938 1413 1972 curn
1434 1920 1621 1971 veritate
1643 1961 1654 1979 ,
1684 1920 1732 1969 i&
1762 1937 1873 1970 cum
1891 1918 2264 1992 longanimitate

741 2006 980 2074 expeftet:
1011 2000 1093 2070 qui
1109 2014 1306 2051 eventus
1323 2015 1426 2046 non
1444 2011 1695 2064 praevertat,
1708 1997 1785 2046 sed
1804 2010 1957 2045 utatur
1972 1997 2137 2048 iisdem
2157 2015 2265 2049 tum

741 2079 916 2150 potius,
931 2078 1042 2128 cum
1062 2075 1305 2127 evenerint
1323 2094 1331 2121 :
1348 2073 1429 2142 qui
1453 2071 1660 2142 denique
1677 2075 1726 2124 in
1744 2073 2075 2143 promittendo
2091 2073 2141 2126 fit
2158 2094 2268 2128 cau-

740 2175 831 2221 tus,
855 2157 905 2207 in
920 2149 1238 2222 adimplendo
1254 2166 1513 2202 accuratus.

821 2237 878 2286 In
896 2230 999 2284 aula
1026 2226 1243 2281 francica
1262 2226 1537 2297 probabunt
1552 2227 1743 2300 ingenia
1760 2227 1918 2281 festiva
1936 2248 1990 2280 ac
2009 2228 2106 2281 laeta
2122 2265 2136 2285 ,
2165 2251 2269 2304 quac

739 2311 977 2381 seriajocis
996 2307 1188 2360 miscere
1209 2305 1563 2376 noverint‚quae
1582 2303 1801 2374 promissa
1818 2325 1908 2357 nec
1921 2310 2159 2376 spernant,
2178 2329 2271 2362 nec

741 2390 876 2444 valde
889 2388 1123 2439 aestiment
1143 2429 1153 2447 ,
1173 2403 1277 2455 quae
1293 2402 1377 2451 pro
1395 2399 1666 2435 mutatione
1684 2387 1910 2453 temporis
1927 2427 1937 2444 ‚
1954 2386 2184 2453 praesentis
2199 2404 2270 2439 ta-

743 2487 857 2520 men
877 2466 1063 2536 potius,
1089 2463 1240 2535 quarn
1265 2462 1439 2518 futuri,
1469 2460 1600 2513 aliter
1626 2478 1768 2533 atque
1786 2460 1911 2513 aliter
1927 2462 2029 2513 suas
2057 2465 2271 2516 actiones

741 2544 1068 2599 moderentur.

824 2626 880 2674 In
900 2619 1070 2695 Anglia
1087 2616 1343 2671 laudantur
1359 2618 1550 2693 ingenia
1568 2619 1724 2693 gravia
1741 2618 1788 2667 ἃ
1803 2617 1951 2671 severa
1971 2662 1982 2681 ‚
1999 2636 2103 2690 quae
2118 2637 2271 2693 nego-

747 2703 809 2754 tia
826 2698 954 2753 lente
973 2702 1173 2750 traetent
1188 2698 1235 2746 &
1251 2696 1518 2766 expediant.

826 2778 1043 2830 Veneriis
1059 2777 1110 2827 in
1129 2775 1277 2846 pretio
1294 2775 1404 2826 sunt
1421 2774 1501 2825 viri
1517 2772 1714 2825 facundi
1732 2773 1778 2821 &
1793 2770 2093 2844 eloquente5‚
2108 2793 2270 2839 prom·

750 2859 816 2929 pti
833 2858 883 2908 in
898 2852 1201 2907 inveniendis
1216 2850 1384 2903 mediis
1403 2895 1414 2914 ,
1431 2850 1667 2923 ingeniosi
1684 2851 1732 2902 in
1748 2851 2084 2903 ratiocinando
2097 2854 2146 2903 ὃς
2163 2871 2270 2924 pro-

751 2930 1004 3006 ponendo,
1017 2932 1065 2979 ὃ(
1087 2930 1220 2981 astuti
1239 2932 1289 2980 in
1308 2928 1611 2998 penetrandis
1629 2929 1831 2980 aliorum
1848 2929 2067 2980 confiliis.

829 3015 1009 3062 Genuae
1030 3006 1151 3059 boni
1176 3007 1487 3062 Oeconomi,
1515 3007 1562 3056 ὃ(
1592 3007 1794 3076 partium
1822 3005 2042 3062 studiosi,
2071 3026 2277 3076 compo-

751 3087 931 3144 sitionis
961 3086 1103 3140 amici
1131 3082 1313 3157 magis,
1337 3082 1486 3146 quam
1517 3083 1700 3136 dillidii.
1736 3084 1843 3149 Qi
1867 3083 1963 3137 sine
1990 3084 2271 3159 fastujsuam

2180 3160 2273 3211 ser-
