2394 3768
428 349 817 390 SYMBOLA
873 349 1306 391 I’OLITICA.
1556 361 1634 406 579

42 425 46 428 ’
122 417 203 473 est,
221 433 298 469 aut
312 414 476 469 officio
491 419 712 488 Principis
727 419 819 470 sese
837 420 963 489 cupit
981 438 1157 471 exuere.
1177 418 1306 472 Male
1319 418 1634 473 constitutum

123 496 380 565 Imperium
399 495 560 556 est2ubi
577 513 720 564 penes
737 496 917 546 multos
933 497 995 546 est
1016 498 1275 549 arbitrium.
1295 497 1460 549 Immo
1477 501 1634 567 Impe-

122 573 244 623 rium
261 591 363 622 non
378 572 438 622 est
455 607 470 627 ,
486 576 618 641 quod
639 572 697 622 ab
713 591 813 622 uno
833 572 934 623 solo
950 593 1053 624 non
1069 575 1254 645 regitur.
1270 575 1452 626 Omnis
1471 576 1635 645 peribit

123 650 372 700 auctoritas
390 651 436 699 ἃ
462 649 823 721 gubernationis
842 649 992 704 ordo,
1019 650 1046 701 si
1063 670 1209 723 penes
1246 652 1489 704 Ministros
1520 652 1639 704 arbi-

124 726 266 777 trium
284 725 349 776 sit.
389 730 533 777 Tunc
549 724 707 777 solum
723 726 1006 798 suspendere
1023 725 1279 800 possunt&
1300 727 1477 779 debent
1495 748 1640 782 man·

122 803 345 855 datorum
361 803 708 864 executionem,
726 804 837 853 cum
856 804 914 855 de
930 804 1194 856 eorundem
1210 803 1430 875 injustitia
1447 807 1640 859 eviden-

121 897 189 932 ter
215 880 500 934 constiterit.
527 879 648 949 prius
675 880 807 930 enim
839 885 943 932 Deo
962 884 1058 946 nati
1077 883 1185 933 sunt
1203 886 1395 969 ‚quarn
1423 884 1639 957 Principi

120 958 472 1023 Qandoitem
486 956 712 1009 mandata
727 958 949 1032 Principis
964 959 1101 1032 ipsius
1120 960 1439 1034 patrimonio,
1458 976 1535 1012 aut
1552 964 1641 1012 exi-

122 1036 383 1088 firmationi
401 1055 542 1087 noxia
558 1035 697 1096 sunt,
721 1052 798 1085 aut
817 1054 865 1085 in
894 1037 1239 1089 detrimentum
1269 1055 1469 1110 vergunt
1498 1037 1642 1088 bonae

120 1113 479 1190 gubernationis
495 1147 508 1168 ‚
539 1112 615 1163 ἃ
603 1132 628 1163 a
644 1112 823 1163 notitiis
837 1113 944 1165 fac‘ri
963 1115 1317 1184 particularibus
1333 1114 1607 1186 dependent
1621 1149 1638 1171 ‚

122 1209 202 1245 aut
220 1191 332 1243 cum
347 1190 415 1242 ob
430 1189 701 1241 distantiam
719 1224 732 1243 ‚
759 1208 837 1240 aut
856 1190 944 1241 alia
960 1193 1221 1244 accidentia
1237 1192 1379 1244 status
1404 1211 1559 1244 rerum
1577 1191 1640 1244 fic

123 1270 303 1323 videtur
330 1271 644 1329 immutatus,
669 1283 721 1317 ut
739 1265 862 1317 reete
885 1269 1107 1342 colligere
1125 1270 1261 1321 liceat
1281 1273 1586 1339 ,Principem
1606 1268 1639 1320 si

118 1347 217 1400 haec
235 1343 667 1399 anteintellexisset2
685 1345 887 1397 minime
900 1346 977 1397 illa
994 1347 1213 1398 daturum
1230 1347 1359 1399 fuiffe
1379 1345 1634 1403 mandata,

123 1444 280 1497 neque
297 1424 453 1475 ullum
468 1424 595 1476 aliud
613 1440 747 1495 grave
764 1423 812 1473 in
829 1421 1056 1476 dilatione
1072 1424 1165 1476 sese
1181 1423 1322 1477 offert
1339 1424 1605 1496 periculum
1631 1459 1663 1489 ,<

120 1505 170 1556 in
189 1522 246 1554 eo
260 1502 366 1554 casu
382 1499 551 1554 differri
566 1517 788 1570 poterunt
807 1546 819 1564 ,
841 1502 889 1551 ὃ(
908 1502 1074 1554 contra
1092 1502 1250 1556 licebit
1267 1504 1475 1572 excipere
1493 1548 1505 1566 ‚
1521 1521 1647 1574 ,mo-

122 1579 247 1632 deste
264 1597 426 1631 tamen
449 1621 461 1642 ,
484 1581 529 1629 ὅ(
549 1577 668 1631 salva
682 1578 933 1631 reverentia
956 1583 1223 1634 auctoritati
1247 1581 1435 1635 illius&
1455 1580 1648 1632 arbitrio

123 1657 309 1720 debita,
344 1657 396 1708 ea
412 1656 578 1709 saltem
592 1656 695 1725 spe,
728 1657 828 1708 fore
842 1673 895 1708 ut
910 1657 1164 1709 instructus
1181 1658 1240 1709 de
1255 1677 1303 1709 re
1317 1659 1489 1710 melius
1503 1677 1554 1709 ea
1571 1660 1647 1729 ju·-

125 1736 262 1799 beat,
292 1754 395 1805 quae
423 1732 573 1806 magis
604 1735 873 1803 expediunt.
919 1734 968 1784 ld
984 1735 1118 1806 quod
1147 1736 1259 1788 fecit
1283 1739 1497 1809 Magnus
1521 1739 1649 1799 Dux‚'

121 1812 237 1866 cum
265 1827 431 1865 contra
455 1809 742 1861 mandatum
771 1811 1053 1860 ferdinandi
1079 1814 1220 1882 Regis
1247 1812 1492 1864 Catholici
1519 1814 1652 1863 Nea-

120 1889 223 1961 poli
249 1907 361 1942 cum
378 1889 578 1940 exercitu
598 1885 804 1938 substitit
821 1931 832 1950 ,
857 1885 1131 1957 expendens
1159 1888 1393 1940 nimirum
1412 1906 1526 1941 cum
1546 1891 1650 1941 ani-

120 1986 211 2020 mo
225 1967 312 2019 suo
328 2003 343 2022 ,
382 1966 524 2017 Italiae
543 1965 772 2033 Principes
788 1968 1025 2034 expectare
1042 1962 1287 2033 sollicite„
1325 1968 1430 2038 quis
1445 1964 1651 2018 demum

127 2045 274 2097 exitus
289 2045 471 2095 futurus
485 2041 591 2092 effer
607 2043 762 2092 mutui
777 2041 897 2092 illius
915 2040 1192 2112 congressus
1205 2045 1253 2091 δε
1269 2043 1467 2114 alloquii
1483 2042 1653 2094 utrius-

127 2140 223 2193 que
251 2120 390 2193 Regis
407 2155 421 2175 ‚
447 2116 728 2169 Ferdinandi
747 2120 795 2168 ὅ(
814 2118 1005 2187 Philippi
1027 2117 1166 2169 Primi
1193 2120 1261 2170 sui
1280 2121 1451 2171 Generi
1471 2155 1485 2174 ‚
1511 2121 1559 2169 ὃ(
1579 2137 1649 2170 res

127 2197 471 2269 Neapolitanas
486 2194 815 2265 periclitaturas
829 2196 1024 2268 graviter
1039 2230 1054 2249 ,
1069 2194 1100 2245 si
1116 2214 1188 2246 eas
1204 2196 1253 2246 id
1268 2198 1492 2268 temporis
1510 2195 1652 2248 desti-

127 2291 291 2328 tueret.
319 2277 362 2325 Si
380 2291 544 2325 tamen
572 2272 786 2324 Minister
812 2290 992 2323 certum
1010 2272 1058 2321 ὃ(
1078 2273 1377 2339 exploratum
1406 2274 1620 2325 habuerit
1638 2314 1651 2334 ‚

129 2354 397 2423 Principem
418 2368 515 2402 ram
533 2348 841 2401 consiliorum
858 2350 1053 2400 suorum
1070 2367 1317 2401 amantem
1334 2353 1421 2402 esse
1439 2368 1517 2415 ‚ut
1533 2369 1652 2403 erra-

129 2450 176 2483 re
191 2431 375 2501 potius¹
364 2428 527 2490 malit,
553 2446 700 2498 quam
715 2427 875 2478 instrui
896 2443 1073 2489 ,tacere
1092 2429 1322 2497 poterit&
1344 2428 1650 2481 diffimulare:

131 2527 258 2560 mera
281 2526 414 2558 enirn
439 2507 558 2558 foret
582 2504 902 2571 imprudentia
934 2505 1142 2574 periculo
1168 2505 1259 2555 sese
1275 2524 1538 2577 exponere,
1568 2503 1648 2557 ubi
1674 2539 1755 2573 -sac
1786 2538 1843 2573 hb
1857 2551 1896 2574 u

130 2585 325 2638 nullum
344 2584 514 2651 sperare
530 2582 636 2633 licet
653 2583 934 2633 remedium.
954 2582 1293 2653 Corbulojam
1309 2584 1477 2656 castra
1460 2603 1508 2636 m
1520 2581 1650 2656 hosti·
1676 2587 1792 2622 Annal-

120 2661 161 2717 [ι’
175 2661 263 2715 loco
278 2657 777 2747 νηᾳίίεὲωΐων,3ςεερ115
795 2674 958 2710 tamen
976 2657 1000 2711 a
1019 2658 1231 2711 Claudio
1252 2663 1532 2731 Imperatore
1547 2660 1651 2712 lite-

132 2741 191 2793 ris
218 2775 234 2796 ‚
252 2730 444 2810 quibus
472 2738 516 2788 se
541 2737 738 2806 recipere
764 2736 1037 2806 jubebatur,
1074 2753 1118 2787 re
1140 2734 1323 2807 subitd,
1354 2757 1650 2813 quanquam,

130 2814 278 2871 multu
291 2811 440 2887 fimul
458 2810 814 2890 offenderentmg
847 2824 1001 2864 mam
1023 2834 1082 2865 ex
1108 2813 1425 2882 Imperatore,
1453 2830 1653 2868 contem-

124 2898 223 2979 ptio
234 2913 293 2944 ex
306 2889 502 2943 barma
515 2926 528 2946 ,
543 2888 787 2942 ludibrium
797 2889 921 2965 apud
933 2890 1103 2962 soci053
1119 2888 1236 2944 nihil
1247 2890 1374 2945 aliud
1382 2890 1651 2968 prolocutus>

131 2989 274 3046 quam
291 2967 438 3022 beatos
449 2967 665 3042 quosdam
679 2969 841 3021 Duces
856 2968 1154 3019 Romanost
1099 2967 1159 3041 s
1149 2987 1298 3041 gnum
1313 2973 1500 3045 receptui
1512 2969 1652 3024 dedit.

243 3047 410 3098 Porro
402 3048 454 3099 115
472 3047 710 3099 mandatis
718 3065 835 3118 ,quae
852 3046 910 3096 ad
930 3048 1174 3099 materiam
1195 3047 1348 3100 Status
1355 3066 1421 3112 ,ut
1440 3049 1658 3120 loquun-

135 3141 225 3192 tur,
242 3127 495 3197 pertinent,
506 3124 838 3177 accuratiffime
852 3124 899 3174 &
919 3122 976 3174 ad
994 3123 1209 3178 amuffim
1227 3126 1443 3180 Minister
1458 3126 1659 3179 obtem-

913 3203 956 3252 C
979 3218 1002 3253 c
1021 3220 1046 3253 c
1076 3220 1099 3251 2
1513 3222 1657 3276 peret,
