2394 3768
410 325 814 368 SYMssoLA
874 320 1320 368 Pomrrcm
1549 324 1630 379 383

52 419 56 422 ·
91 393 368 455 bushabere.
405 395 665 449 Factumid
681 413 843 448 tamen
877 395 948 448 ob
973 394 1376 450 considerationes
1398 394 1633 468 quasdam

93 476 379 550 tyrannicas,
398 493 502 546 quae
518 475 566 525 in
590 475 855 543 Principem
870 473 1157 543 prudentem
1185 493 1238 527 ac
1256 472 1436 542 justum
1468 475 1632 530 cadere

92 572 195 609 non
222 551 416 604 debent.
456 550 717 603 Prudentiae
743 553 902 621 itaque
932 551 995 601 est
1014 595 1025 615 ,
1055 554 1292 605 Naturam
1323 551 1475 621 ipsam
1503 555 1633 625 opti-

90 649 222 686 mam
239 648 354 681 verae
371 629 574 681 Politicae
592 628 864 702 magistram
890 627 1109 681 adhibere
1133 631 1183 679 in
1217 628 1475 681 consilium
1493 674 1507 695 ,
1526 650 1632 704 quae

57 738 59 747 2
90 707 580 763 caelestibusillislucis
615 705 845 757 Ministris
869 708 1125 775 imperium
1153 704 1409 776 quoddam
1438 709 1486 758 &
1504 711 1633 762 vica.

89 789 203 840 riam
218 785 498 856 potestatem
517 785 566 835 in
598 783 768 835 orbem
790 782 919 834 hunc
951 784 1227 835 inferiorem
1248 783 1409 856 largita
1433 785 1499 836 est
1523 788 1629 857 qui.

90 864 221 919 dem,
241 882 343 914 non
365 880 636 931 perpetuam
652 880 817 912 tamen
837 907 848 925 ‚
865 859 941 912 sed
961 860 1085 912 statis
1118 857 1279 912 solum
1314 863 1628 931 temporibus:

91 959 141 995 ut
154 940 305 994 videre
323 941 384 991 cst
406 942 454 992 in
474 940 688 1004 motibus
709 985 720 1002 ‚
752 937 1079 1009 dominiilque
1118 937 1441 993 Planetarum‚
1464 958 1523 991 ne
1542 940 1627 992 sci.

89 1021 197 1074 licet
214 1019 387 1071 horum
405 1016 570 1069 cura&
589 1014 853 1087 provisione
870 1016 962 1067 sese
978 1017 1191 1067 omnino
1210 1014 1629 1090 abdicaret‚neque

90 1114 253 1150 tamen
272 1095 351 1166 ipsi
365 1098 556 1147 Naturae
575 1096 829 1164 imperium
846 1093 927 1147 sibi
945 1109 1229 1166 arrogarent.
1271 1094 1401 1144 Nam
1418 1094 1536 1146 illud
1556 1097 1630 1169 ig-

90 1193 255 1228 notare
273 1192 377 1225 non
393 1189 573 1244 poterat
591 1217 601 1235 ,
614 1176 807 1224 Terram
825 1169 1091 1243 opprefl'urn
1108 1173 1155 1223 iri
1176 1170 1380 1241 penitus,
1399 1172 1427 1223 si
1446 1174 1630 1243 semper

91 1270 170 1306 aut
184 1251 505 1304 melancholia
518 1253 720 1313 Saturni,
738 1268 816 1301 aut
830 1251 957 1302 furor
970 1251 1152 1311 Martis,
1170 1266 1248 1299 aut
1265 1251 1386 1302 Iovis
1403 1250 1630 1315 severim,

94 1347 174 1384 aut
192 1330 414 1382 Mercurii
429 1327 758 1391 callidita5‚aut
774 1327 935 1380 levitas
951 1329 1164 1383 Veneris,
1187 1345 1268 1378 aut
1286 1330 1434 1380 Lunae
1450 1329 1632 1379 incon-

92 1408 264 1461 stantia
279 1407 418 1459 rebus
432 1405 556 1458 hisce
574 1405 871 1458 inferioribus
889 1404 1270 1456 dominarentur.

204 1491 254 1544 §-
306 1491 458 1555 Atque
474 1503 556 1553 pro
573 1482 659 1535 hac
692 1502 951 1535 munerum
984 1483 1374 1535 commutatione
1402 1478 1629 1534 laborana

95 1562 216 1616 dum
230 1565 280 1614 in
296 1563 537 1634 primiS‚ne
552 1562 908 1612 existimationis
926 1561 1253 1629 suaejadffiram
1268 1563 1374 1632 quis
1386 1559 1634 1624 existimet,

97 1640 129 1694 sl
149 1647 171 1696 a
188 1639 442 1709 majoribus
461 1639 518 1689 ad
538 1640 727 1690 minora
747 1637 1005 1691 descendat
1038 1658 1049 1686 :
1092 1641 1203 1710 quia
1218 1642 1351 1691 enim
1376 1637 1565 1690 infinita
1576 1656 1632 1690 ea

95 1737 202 1771 non
231 1719 342 1769 sunt
360 1761 372 1780 ,
403 1716 484 1769 ubi
507 1716 565 1767 ad
592 1716 868 1786 supremum
898 1713 1096 1786 aliquod
1120 1718 1380 1785 pervenerit
1401 1751 1417 1771 ,
1448 1715 1630 1768 inutilis

94 1793 291 1867 posthac
308 1795 390 1845 erit
407 1793 646 1856 Minister,
662 1792 693 1844 fi
710 1791 810 1844 aliis
835 1790 1136 1843 inferioribus
1162 1791 1347 1842 rursum
1365 1793 1412 1843 se
1440 1793 1631 1862 impen-

93 1873 201 1924 dere
215 1886 396 1923 renuat.
436 1869 644 1923 Tametsi
658 1869 768 1924 vero
780 1872 903 1923 reeta
918 1869 1037 1920 ratio
1060 1867 1295 1938 postulare
1312 1868 1522 1922 videatur
1543 1912 1555 1931 ‚
1578 1884 1632 1920 ut

93 1951 319 2005 unacum
336 1950 507 2001 merito
524 1963 780 2023 augeantur
793 1948 842 1998 ὅ(
857 1947 1060 2018 praemia,
1077 1947 1129 1999 in
1144 1945 1240 1998 hoc
1253 1961 1418 1998 tamen
1437 1947 1545 1999 casu
1563 1965 1633 1998 ra-

23 2031 26 2035 ’
93 2030 216 2082 tioni
234 2029 303 2079 isti
324 2028 498 2079 utilitas
518 2027 739 2097 Principis
756 2026 949 2096 praeferri
977 2023 1119 2076 debet
1137 2024 1367 2096 ,quando
1395 2027 1631 2079 nimirum

93 2107 162 2159 ob
176 2124 336 2197 graves
353 2103 524 2157 caussas
542 2120 648 2155 tum
665 2103 881 2174 obsequii
897 2100 1159 2173 praestandi,
1165 2118 1272 2153 tum
1293 2102 1411 2154 boni
1430 2103 1631 2173 publici,

94 2203 201 2238 non
216 2179 326 2235 vero
341 2201 395 2233 ex
412 2197 699 2252 contemptu
717 2181 778 2232 ita
794 2180 888 2233 fieri
916 2177 1133 2250 expedit,
1159 2195 1211 2230 ut
1227 2180 1436 2231 inferiori
1467 2179 1634 2251 aliquo

95 2262 322 2335 funoatur
335 2279 557 2312 munere
574 2277 694 2313 tunc
711 2258 844 2310 enirn
872 2256 967 2328 ipsa
983 2258 1295 2331 negotiorum
1324 2256 1494 2309 utilitas
1512 2255 1635 2310 illud

95 2336 427 2395 honorificum
443 2336 608 2390 reddit.

207 2421 260 2474 5.
304 2414 460 2475 Quod
481 2415 509 2466 fi
526 2415 620 2467 ulla
634 2417 824 2467 funciio
842 2412 999 2488 longo
1018 2431 1232 2484 tempore
1250 2412 1457 2467 sustineri
1476 2412 1630 2484 poffit,

95 2495 144 2550 id
163 2493 371 2546 maxime
385 2495 432 2545 in
452 2492 771 2567 legationibus
785 2493 866 2542 erit
886 2512 895 2540 :
913 2493 961 2543 in
978 2493 1047 2545 his
1062 2492 1293 2562 siquidem
1324 2491 1631 2545 interceditur

96 2572 287 2634 solum,
317 2590 422 2623 non
456 2572 738 2640 imperatur3
771 2574 990 2620 tractatur
1005 2604 1020 2624 ,
1052 2588 1155 2621 non
1182 2570 1458 2639 praecipitur.
1494 2573 1632 2622 Cum

98 2651 261 2724 Legati
281 2648 579 2719 profecitione
606 2649 721 2719 perit
749 2646 877 2719 quafi
908 2647 1079 2698 notitia
1112 2647 1278 2700 natalis
1302 2646 1426 2698 soli·
1415 2646 1635 2712 ‚cessant

98 2727 485 2782 conversationes
501 2725 795 2796 particulares
813 2745 925 2778 cum
948 2725 1173 2794 Principe,
1191 2733 1265 2776 cui
1282 2688 1637 2809 aslisttint2ejus·

98 2826 191 2880 que
209 2805 449 2857 MinistriS.
458 2809 610 2859 Arces,
628 2803 1005 2876 propugnacula,
1020 2803 1070 2853 ὃ(
1088 2803 1173 2854 alia
1187 2804 1516 2857 munimenta,
1529 2820 1636 2875 quae

99 2887 386 2959 Regnorum
411 2881 521 2933 sunt
547 2880 726 2943 claves,
745 2881 805 2932 ab
838 2879 1057 2945 arbitrio,
1087 2881 1385 2953 imperioque
1410 2882 1638 2970 Principis

101 2930 569 3032 semperimmediate
581 2958 903 3030 dependeant.
945 2959 1114 3024 Quam
1141 2959 1210 3009 ob
1235 2956 1441 3010 caussam
1472 2960 1635 3010 minus

101 3039 296 3093 salutare
315 3038 401 3090 fuit
416 3035 536 3089 illud
549 3038 692 3111 Regis
707 3037 881 3087 Sanetii
900 3035 1177 3100 consilium,
1193 3036 1305 3088 cum
1325 3035 1418 3089 vita
1435 3036 1638 3088 conces-

102 3115 230 3170 surus
246 3161 259 3182 ,
272 3117 341 3170 ob
356 3113 639 3188 pupillarem
654 3130 839 3167 aetatem
856 3112 939 3167 filii
971 3112 1202 3186 Alplionsi
1231 3114 1372 3166 Tertii
1391 3157 1405 3178 ,
1424 3117 1639 3167 Proceres

1426 3190 1639 3263 ipsorum
