2394 3768
709 347 781 383 500
1052 322 1875 366 DIDACISAAVEDRAE

713 397 944 454 transferri
961 392 1371 454 constellationes,
1385 390 1434 441 in
1451 391 1698 461 praemium
1717 389 1891 441 scilicet
1908 407 1978 442 tot
1998 391 2232 460 suscepto-

715 496 822 530 rum
841 490 946 526 non
976 467 1343 543 absqueinfigni
1369 467 1578 538 periculo
1605 469 1859 529 itinerum,
1888 467 2046 537 palam
2074 468 2236 519 osten-

719 549 886 605 dendo
903 549 1124 602 universo
1142 545 1245 599 orbi
1264 590 1275 609 ,
1306 545 1522 597 velorum
1550 544 1894 615 remorumque
1913 544 2148 596 beneficio
2163 547 2237 596 in-

716 647 785 682 ter
801 627 923 699 ipsos
934 625 1178 679 undarum
1194 640 1392 675 montes
1406 623 1500 674 vias
1517 622 1611 675 fieri
1627 620 1753 693 posse
1771 666 1782 684 ,
1796 621 1970 694 quibus
1985 620 2239 686 impellen-

714 723 762 760 te
776 720 926 761 vento
939 723 1070 757 arma
1100 704 1151 754 &
1173 703 1415 755 mercesin
1440 718 1616 752 omnes
1633 698 1807 751 mundi
1821 714 1969 770 partes
1998 698 2162 751 inferre
2182 699 2240 750 li-

714 799 831 838 ceat.
866 782 1028 835 Isthaec
1046 778 1241 834 moralis
1253 777 1474 829 doctrina
1490 822 1501 842 ‚
1532 778 1580 827 ὅ(
1597 778 1816 849 quiajam
1847 778 1978 830 navis
1996 775 2073 827 illa
2091 777 2139 827 in
2156 794 2244 828 cae-

713 862 813 915 lesti
841 858 1012 932 sphaera
1028 860 1150 912 inter
1175 853 1331 907 stellas
1356 855 1495 907 relata
1521 855 1585 907 est
1601 900 1614 919 ‚
1643 853 1829 906 occasio
1849 853 1965 905 mihi
1985 854 2074 905 fuit
2090 889 2105 910 ‚
2127 869 2177 905 ut
2195 853 2246 906 in

716 939 929 1012 praesenti
946 936 1254 989 Emblemate
1271 933 1409 985 binas
1421 932 1749 1006 depingerem,
1765 950 1870 1003 quae
1890 931 1988 998 poli
2004 927 2148 982 essent
2162 930 2248 985 hu-

714 1020 787 1088 jus
801 1015 1017 1069 terrestris
1032 1013 1178 1076 orbis,
1190 1013 1236 1061 <Sc
1255 1010 1373 1064 clare
1390 1010 1668 1080 subjicerem
1684 1010 1838 1062 oculis
1851 1042 1866 1064 ,
1888 1009 2250 1083 navigationem

718 1094 822 1159 esse,
837 1112 943 1165 quae
961 1090 1372 1144 commerciorum
1387 1087 1473 1141 usu
1491 1105 1659 1139 terram
1680 1086 1907 1138 sustentat
1925 1130 1936 1149 ,
1953 1087 2145 1158 ejusque
2160 1085 2251 1141 do-

716 1173 869 1225 minia
887 1170 1028 1222 armis
1045 1168 1257 1222 roborat.
1288 1166 1501 1218 Mobiles
1516 1165 1707 1217 suntisti
1729 1167 1925 1217 navium
1946 1164 2074 1234 poli,
2104 1163 2250 1219 sedin

717 1249 801 1302 illa
814 1246 910 1321 ipsa
923 1245 1197 1301 eorundem
1213 1243 1483 1297 mobilitate
1506 1245 1823 1313 Imperiosum
1853 1241 2061 1294 consistit
2076 1241 2254 1295 stabili-

714 1344 801 1381 τες.
846 1328 939 1379 Vix
955 1324 1057 1379 ulla
1070 1342 1297 1397 unquam
1313 1322 1404 1374 fuit
1419 1319 1725 1385 Monarchia,
1742 1340 1848 1392 quae
1865 1319 1917 1371 iis
1933 1319 2061 1392 quasi
2079 1318 2253 1374 funda-

716 1405 896 1458 mentis
921 1404 1086 1458 innixa
1104 1419 1210 1454 non
1225 1401 1379 1453 fuerit.
1412 1400 1456 1451 Si
1474 1399 1711 1470 Hispaniae
1726 1398 1876 1450 ambo
1903 1398 1971 1450 illi
1988 1398 2086 1469 poli
2113 1399 2254 1452 maris

718 1477 1329 1538 Mediterranei&Oceani
1360 1477 1569 1529 deeffent
1588 1520 1599 1540 ,
1625 1495 1744 1528 mox
1771 1477 1868 1545 ejus
1895 1492 2129 1528 corrueret
2147 1495 2256 1529 am-

717 1560 911 1635 plitudo
938 1583 947 1611 :
982 1577 1135 1612 nemo
1148 1559 1282 1610 enim
1300 1573 1405 1608 non
1419 1554 1576 1620 videt,
1607 1554 1872 1607 Provincias
1901 1570 2000 1606 tam
2029 1554 2255 1607 distantes
2332 1592 2336 1595 -

721 1643 843 1694 inter
859 1638 905 1691 se
922 1638 972 1690 in
999 1635 1211 1711 periculo
1227 1635 1348 1691 fore,
1368 1633 1453 1686 nisi
1472 1633 1573 1685 vela
1599 1631 1816 1704 remique
1832 1650 1906 1682 eas
1922 1634 2112 1685 unirent
2130 1650 2256 1703 quo-

723 1717 1028 1773 dammodo,
1054 1716 1103 1766 &
1123 1711 1357 1784 suppetias
1385 1711 1610 1764 militares
1628 1709 1684 1760 ad
1712 1708 1974 1761 earundem
2001 1709 2254 1764 conserva-

723 1798 915 1849 tionem
943 1790 1375 1859 defenfionemque
1404 1787 1679 1857 tempestive
1705 1785 2039 1840 submitterent
2068 1833 2080 1853 ‚
2107 1788 2169 1838 ita
2199 1804 2254 1840 ut

724 1889 866 1926 naves
884 1871 928 1920 δε
962 1871 1172 1920 triremes
1199 1864 1272 1916 nil
1299 1864 1457 1927 aliud,
1484 1863 1632 1935 quam
1667 1863 1835 1914 marini
1853 1863 2051 1934 quidam
2081 1882 2255 1936 pontes

726 1950 814 2001 effe
828 1946 1097 2000 videantur.
1122 1946 1242 1994 Eam
1270 1941 1338 1993 ob
1361 1940 1567 1995 cauffam
1582 1940 1787 1991 Carolus
1802 1942 2022 2006 Qintus
2049 1945 2255 2011 Impera-

724 2045 799 2079 tor
815 2068 826 2087 ,
854 2026 905 2075 ὃ(
923 2027 1034 2075 Dux
1053 2019 1272 2073 Albanus
1295 2017 1619 2070 Ferdinandus
1637 2019 1753 2090 Regi
1784 2018 1997 2087 Philippo
2026 2020 2254 2072 Secundo

728 2100 1053 2163 suaserunt,ut
1069 2098 1119 2149 in
1137 2097 1254 2148 mari
1274 2094 1570 2165 potissimum
1584 2095 1722 2145 armis
1740 2096 1789 2144 δε
1807 2098 1953 2165 copiis
1973 2096 2255 2148 militaribus

730 2178 934 2253 praestare
974 2176 1073 2228 aliis
1103 2189 1366 2226 conaretur.
1409 2174 1516 2223 Nec
1544 2172 1782 2245 ignoravit
1820 2175 1920 2224 Rex
1949 2173 2252 2232 Sisebuthus‚

732 2256 901 2332 quanti
918 2253 964 2305 id
980 2253 1195 2314 referret,
1223 2252 1303 2322 qui
1323 2250 1567 2321 primusiis
1593 2249 1767 2302 viribus
1783 2250 1833 2300 in
1856 2251 1971 2301 mari
1995 2251 2258 2323 Hispanico

737 2336 845 2390 usus
860 2333 965 2385 fuit.
996 2331 1132 2382 Idem
1148 2347 1346 2400 quoque
1370 2325 1627 2379 confilium
1643 2325 1993 2380 Themistocles
2020 2327 2110 2381 suae
2127 2328 2260 2382 dedit

736 2408 1054 2481 Reipublicae,
1071 2408 1118 2456 &
1134 2404 1275 2476 reipsa
1290 2405 1451 2475 postea
1468 2404 1678 2456 Romani
1695 2404 1840 2455 secuti
1853 2407 1964 2459 sunt
1982 2448 1996 2468 ‚
2021 2422 2075 2458 ut
2088 2407 2259 2460 orbem

736 2495 827 2544 suae
845 2487 1020 2540 ditioni
1052 2484 1354 2553 subjicerent.
1382 2483 1694 2534 Elementum
1711 2480 1830 2533 illud
1850 2500 2015 2535 terram
2031 2483 2184 2537 ambit
2208 2486 2260 2536 &

738 2568 952 2621 edomat.
984 2566 1038 2614 In
1068 2561 1155 2614 illo
1169 2562 1237 2614 vis
1260 2560 1388 2630 juxta
1414 2580 1468 2613 ac
1496 2559 1717 2613 velocitas
1731 2558 1900 2611 locum
1930 2560 2123 2614 habent.
2152 2562 2258 2630 Qi

737 2645 916 2699 fortiter
933 2642 986 2693 iis
1003 2641 1071 2692 uti
1088 2638 1272 2692 noverit
1289 2681 1301 2701 ,
1318 2654 1441 2689 terrae
1458 2636 1723 2689 dominum
1740 2637 1785 2689 se
1800 2638 2059 2691 constituit.
2099 2643 2154 2691 In
2173 2639 2259 2694 hac

742 2723 993 2776 minantur
1008 2736 1154 2771 arma,
1167 2717 1215 2766 δε
1234 2735 1286 2767 ex
1302 2713 1397 2767 una
1410 2713 1507 2765 sola
1521 2731 1644 2784 parte
1659 2715 1830 2766 feriunt
1846 2743 1858 2776 5
1877 2716 1925 2767 in
1946 2719 2061 2769 mari
2076 2735 2129 2769 ex
2148 2737 2259 2771 om-

750 2799 910 2852 nibus,
934 2794 1085 2847 Nulla
1103 2811 1203 2846 tam
1228 2792 1429 2866 vigilans
1446 2810 1551 2843 cura
1567 2792 1630 2842 est
1646 2831 1658 2853 ,
1696 2810 1801 2864 quae
1817 2794 2050 2846 omnibus
2079 2793 2258 2866 semper

744 2879 835 2930 oris
850 2873 1097 2926 maritimis
1123 2872 1233 2922 ante
1244 2868 1378 2941 poffit
1405 2869 1665 2939 prospicere
1681 2897 1693 2931 5
1712 2869 1842 2920 nulla
1859 2886 1990 2921 tanta
2014 2874 2223 2942 potentia
2242 2917 2256 2936 ,

746 2972 850 3026 quae
866 2948 1118 3003 sufficienti
1136 2967 1210 3000 eas
1227 2962 1368 3020 queat
1393 2946 1505 2997 tueri
1521 2945 1896 3018 praefidiO.Maris
1913 2947 2146 3001 beneficio
2158 2951 2261 3001 Na-

745 3035 902 3084 tiones
915 3044 1091 3079 omnes
1107 3024 1166 3076 ad
1183 3042 1378 3076 morum
1396 3024 1816 3076 mansuetudinem
1835 3023 2260 3099 adducuntur‚quae

752 3106 943 3162 incultae
961 3102 1074 3157 alias
1099 3100 1245 3156 essent
1273 3121 1327 3154 ac
1349 3100 1549 3154 barbarae
1576 3100 1753 3174 absque
1778 3104 2093 3178 navigationis
2120 3121 2265 3155 com-

2071 3183 2269 3249 merci0,
