2394 3768
711 329 789 378 652
1034 318 1886 362 DIDACISAAVEDRAE

469 403 628 451 justinus}
706 388 956 465 “Philippus
983 388 1097 438 Rex
1132 381 1467 461 Macedonum
1493 381 1690 438 libertati
1715 386 1921 437 omnium
1956 384 2199 458 insidiatus
2216 433 2229 452 ,

711 469 824 521 dum
843 467 1143 517 contentiones
1159 464 1406 515 civitatum
1419 459 1503 516 alit
1515 497 1530 518 ,
1552 459 1781 515 auxilium
1797 461 2230 536 infhriorihusfeien-

714 545 786 608 de,
801 545 949 595 vidos
960 543 1130 617 pariter
1140 586 1152 605 ‚
1169 540 1447 612 ‘vidi‘orc‘sque
1459 537 1609 611 [ubire
1620 541 1788 613 regiam
1794 539 2069 611 fiervitutem
2081 547 2227 616 coegit.

715 621 877 673 Gloria
905 619 1116 690 primum
1135 618 1191 670 ad
1210 617 1443 669 inferioris
1468 614 1802 670 defensionem
1829 617 2103 670 inflammat
2130 622 2231 673 ani·

714 717 873 760 mum,
888 699 938 748 ὃ(
953 697 1158 757 ambitio
1175 694 1334 766 postea
1349 693 1463 746 nibil
1482 692 1587 746 sinit
1602 693 1859 765 reliquum.
1874 692 1978 758 Q
1998 696 2112 747 vires
2127 697 2229 750 suas

714 778 765 828 in
784 773 1214 846 alteriusimpendit
1228 772 1430 846 gratiam
1449 815 1462 836 ,
1481 773 1938 837 compenlationem
1958 773 2124 825 abillo
2138 792 2228 843 po-

714 854 873 907 stulat.
904 853 1148 906 Provincia
1170 852 1268 922 ipsa
1293 851 1520 918 Principis
1534 849 1818 921 potentioris
1831 851 2061 920 suppetias
2075 852 2229 903 feren-

714 936 772 985 tis
790 950 953 984 amore
972 931 1152 1001 capitur
1169 973 1182 992 ,
1208 926 1591 980 existimantibus
1617 930 1849 979 nimirum
1883 927 2081 980 subditis
2099 967 2111 990 ‚
2138 929 2228 982 sub

713 1012 810 1080 ejus
824 1009 1083 1062 dominatu
1098 1010 1143 1060 se
1162 1004 1314 1077 magis
1327 1005 1513 1057 securos
1526 1007 1642 1069 fore,
1659 1003 1906 1078 magisque
1919 1006 2077 1057 felices
2093 1049 2104 1069 ‚
2122 1006 2228 1059 abs-

714 1106 808 1159 que
823 1088 996 1146 ¹timore
1013 1089 1060 1138 ὅ(
1077 1085 1319 1137 bellorum
1332 1083 1559 1154 periculo,
1575 1083 1670 1135 sine
1684 1083 1902 1156 gravibus
1916 1084 2224 1157 tributis‚quae

714 1166 954 1236 Principes
977 1163 1217 1218 inferiores
1231 1161 1390 1214 solent
1406 1163 1653 1231 imponere
1667 1194 1680 1214 ‚
1716 1161 1810 1212 sine
1826 1161 1998 1229 injuriis
2019 1161 2225 1235 denique

713 1248 759 1296 ἃ
779 1240 1135 1296 offensionibus
1151 1259 1295 1312 ‚quas
1309 1242 1638 1293 communiter
1654 1237 1713 1291 ab
1733 1239 1822 1291 illis
1837 1241 2095 1310 accipiunt.
2120 1245 2231 1293 No,

714 1322 834 1376 biles
853 1320 1064 1392 praeterea
1090 1320 1256 1391 majori
1282 1318 1457 1370 honori
1488 1317 1570 1370 sibi
1587 1318 1803 1380 ducunt,
1831 1314 1864 1366 fi
1881 1316 2116 1369 illustriori
2134 1319 2240 1377 sero,

717 1401 850 1456 viant
867 1403 1094 1452 Domino
1108 1432 1123 1454 ,
1137 1398 1163 1450 a
1179 1416 1279 1472 quo
1299 1395 1380 1468 ipsi
1394 1397 1694 1448 honorentur
1713 1438 1726 1458 ‚
1752 1397 1798 1445 ὅ(
1817 1396 2045 1466 qui-plura
2062 1397 2229 1452 babeat

719 1478 906 1550 praemia
919 1497 974 1530 ac
987 1494 1204 1532 munera,
1222 1494 1326 1548 quae
1344 1473 1578 1545 dispertire
1594 1473 1742 1545 possit.
1762 1475 2055 1526 Omnesistae
2073 1476 2231 1528 consi-

721 1556 987 1609 derationes
1005 1554 1312 1629 tyrannidem
1332 1597 1343 1618 ,
1373 1554 1422 1603 ἃ
1447 1554 1806 1624 usurpationem
1836 1549 2028 1606 ferentis
2056 1572 2231 1625 opem,

722 1652 802 1687 aut
818 1633 1121 1686 defendentis
1138 1648 1448 1704 promoverit.
1474 1633 1639 1701 Copia:
1654 1630 1894 1683 auxiliares
1911 1632 1949 1682 ei
1967 1649 2129 1701 parent
2142 1652 2233 1703 po·-

722 1713 971 1768 tiffimum,
990 1713 1072 1783 qui
1087 1732 1162 1765 eas
1177 1712 1343 1773 mittit,
1361 1727 1440 1760 aut
1456 1710 1653 1762 exsolvit
1672 1707 1917 1779 stipendia,
1939 1711 1982 1760 ὅ(
2001 1714 2232 1782 regiones,

722 1794 775 1843 in
800 1811 915 1862 quas
939 1790 1246 1841 deducuntur
1266 1831 1278 1849 ‚
1300 1791 1503 1841 uastant
1521 1788 1650 1838 velut
1677 1787 1850 1838 alienas
1870 1828 1881 1847 ,
1907 1787 2233 1859 consciisoque

722 1869 853 1919 bello
871 1886 984 1919 cum
1005 1865 1138 1916 hoste
1157 1906 1168 1925 ,
1182 1865 1231 1912 in
1248 1864 1462 1913 amicum
1482 1879 1673 1915 movere
1687 1862 1867 1914 necesse
1884 1862 1949 1912 est
1967 1890 1980 1926 5
2008 1882 2058 1915 ut
2077 1867 2239 1933 proin-

724 1944 782 1996 de
802 1942 1064 1997 consultius
1080 1984 1090 2001 ,
1118 1942 1167 1990 ὅ(
1189 1940 1388 1990 minoris
1406 1939 1614 1990 videatur
1629 1938 1715 1990 effe
1733 1939 1953 2009 periculi,
1980 1940 2237 2014 minusque

726 2020 1068 2091 sumptuosum
1088 2015 1284 2082 Principi
1305 2015 1686 2076 inferiori‚amice
1704 2035 1759 2067 cu
1769 2034 1817 2065 m
1836 2018 2094 2081 potentiori
2110 2035 2240 2070 tran-

726 2096 1035 2167 sigere‚quam
1055 2093 1193 2143 armis
1209 2091 1508 2146 auxiliaribus
1525 2092 1726 2144 vincere.
1741 2090 1899 2158 Qod
1916 2092 2011 2145 sine
2028 2093 2096 2147 his
2111 2096 2245 2149 obti-

728 2164 824 2229 neri
844 2169 1197 2245 nequit‚minus
1216 2167 1394 2241 postea,
1413 2168 1495 2245 ubi
1511 2167 1771 2222 recefferint
1787 2170 2244 2237 iterum,conservari

721 2268 907 2327 potent.

837 2338 876 2386 §.
911 2330 1178 2383 Periculum
1211 2325 1334 2381 istud
1368 2327 1639 2382 advocandi
1666 2329 1904 2382 auxiliares
1942 2331 2099 2401 copias
2126 2348 2246 2385 tunc

729 2408 881 2484 magis
898 2408 1219 2461 metuendum
1234 2407 1297 2458 est
1315 2451 1327 2470 ‚
1341 2405 1540 2478 quando
1557 2407 1790 2478 Princeps,
1808 2407 1832 2460 ὲ
1850 2427 1951 2480 quo
1963 2428 2024 2459 eae
2043 2411 2247 2465 mittun-

730 2506 803 2541 tur
818 2532 829 2552 ,
855 2487 995 2540 aliam
1012 2484 1257 2557 profitetur
1276 2484 1585 2558 Religionem
1605 2527 1616 2547 ,
1652 2485 1806 2537 autad
1827 2488 2010 2537 Statum
2026 2486 2162 2538 illum
2178 2490 2248 2558 jus

734 2565 932 2638 aliquod
946 2563 1106 2627 habet,
1120 2561 1193 2618 vel
1211 2561 1436 2614 obtendit
1453 2562 1618 2614 saltem
1634 2605 1645 2625 ‚
1663 2563 1786 2614 aursi
1806 2564 2018 2615 eundem
2034 2562 2115 2617 sibi
2135 2565 2252 2619 sub-

733 2645 865 2715 jicere
881 2643 1046 2716 magni
1062 2641 1113 2693 sit
1127 2639 1482 2704 emolumenti,
1497 2658 1607 2710 puta
1619 2643 1729 2712 quia
1748 2643 1953 2693 Statibus
1968 2644 2248 2713 occupantis

735 2721 907 2794 praebet
924 2718 1170 2773 transitum
1184 2753 1202 2775 ‚
1216 2734 1294 2770 aut
1310 2717 1509 2770 obstruit
1528 2719 1752 2770 hostibus
1787 2723 1940 2790 Atque
1967 2719 2158 2772 timores
2178 2721 2250 2774 isti

740 2798 1003 2852 neceffitate
1028 2796 1257 2848 metiendi
1284 2796 1422 2858 sunt,
1447 2795 1881 2848 consideratisitem
1900 2796 2182 2863 conditione
2199 2800 2249 2850 δέ

740 2876 957 2929 moribus
987 2875 1226 2944 Principis:
1246 2891 1362 2925 nam
1390 2872 1420 2923 si
1449 2873 1630 2925 fincero
1654 2876 1703 2924 δε
1726 2875 1959 2947 generoso
1988 2874 2122 2927 fuerit
2150 2879 2253 2928 ani-

741 2973 828 3005 mo
843 2998 857 3017 ,
885 2954 991 3025 plus
1008 2950 1133 3021 apud
1163 2951 1302 3002 illum
1320 2949 1494 3003 valebit
1512 2950 1626 3002 fides
1659 2952 1848 3020 publica
1872 2954 1920 3002 ὅ(
1938 2954 2219 3005 existimatio
2235 2987 2249 3008 ‚

742 3030 891 3103 quam
919 3032 1019 3102 spes
1048 3026 1368 3080 commodi&
1401 3029 1607 3080 rationes
1623 3028 1803 3092 Status3
1832 3030 2091 3100 quomodo
2118 3049 2252 3099 expe-

741 3108 902 3162 nentia
929 3105 1303 3178 comprobatum
1319 3105 1475 3158 fuitin
1489 3107 1781 3178 Principibus
1812 3108 2045 3160 omnibus
2064 3108 2252 3158 Domus

2053 3185 2251 3238 Austiia·
