2394 3768
452 720 581 758 Lucan.

457 1534 577 1595 Virgil·
591 1548 625 1586 in

453 1595 581 1645 Θεοῖς.

456 2030 542 2065 Mar.
561 2026 632 2060 hist.

456 2075 612 2124 Hisp.lib.
625 2090 632 2109 ι
643 2087 672 2120 ς.

455 2139 520 2166 09.

454 2249 470 2272 ἆ
488 2256 621 2299 Tyronem
633 2245 652 2282 ai

454 2307 596 2338 veterano,
607 2301 648 2332 le-

449 2348 563 2389 gionem
575 2346 593 2380 iz
606 2350 648 2380 le·

451 2405 536 2438 grone
547 2396 627 2439 dtlso-

455 2444 654 2478 ciamffacir.

455 2490 510 2527 lib.
521 2506 546 2526 1.
563 2495 678 2528 Annal.

460 2572 568 2607 Tacit.
584 2571 675 2607 lib.1.

461 2621 551 2656 Hm.

703 315 784 372 53⁸
1053 309 1356 352 DIDACI
1416 308 1873 351 SAAVEDRAE

697 374 1016 452 praerneditata
1029 374 1150 429 illud
1165 375 1312 427 lenite
1323 371 1568 439 studuerit,
1581 392 1774 446 operam
1792 372 1950 447 perdet
1966 375 2015 425 &
2032 374 2140 428 oleu
2151 393 2220 428 m.

699 459 813 510 Vna
834 456 991 527 aliqua
1005 473 1098 508 vox
1111 451 1321 506 acerbior
1333 490 1347 514 ‚
1373 467 1455 503 aut
1469 451 1663 506 severior
1677 450 2022 505 animadversio
2037 453 2144 524 plus
2159 452 2220 509 ad

697 528 1086 604 persuadendum
1099 532 1241 582 habet
1257 529 1456 582 roboriS.
1485 530 1650 582 Vnico
1663 528 1772 582 solo
1784 529 1932 583 verbo
1949 528 2097 583 Iulius
2112 532 2221 578 Cae·

697 611 768 665 sar
778 608 994 665 militum
1007 608 1295 662 seditionem
1310 606 1599 675 composuit,
1621 607 1734 660 cum
1752 606 1939 660 diceret=

1249 681 1489 757 Dzfiedite
1504 685 1663 737 castris
1677 728 1691 749 ‚

916 762 1107 817 deite
1121 761 1262 836 nostra
1276 762 1398 814 viris
1413 762 1579 835 {gnavi
1585 761 1721 835 stgna
1792 761 1970 814 uiriteA.

806 846 864 903 5.
878 841 1020 895 Porro
1034 840 1092 895 ad
1105 838 1368 893 sedandam
1383 839 1764 891 tumultuantem
1780 834 2222 910 plebem‚efficacis-

699 920 877 975 fimum
898 919 1166 973 remedium
1184 916 1250 969 est
1267 913 1461 978 divisim
1484 914 1517 967 si
1536 918 1767 969 nimirum
1794 915 1949 971 videat
1978 916 2097 970 vires
2120 915 2226 968 suas

699 1001 751 1052 ἃ
768 1000 919 1072 prima
935 999 1087 1069 capita
1109 997 1160 1048 in
1181 994 1381 1048 diversas
1398 993 1669 1046 factionum
1686 1011 1835 1066 partes
1859 992 2058 1045 distrahi.
2089 995 2226 1046 Cum

700 1076 866 1149 apibus
887 1075 983 1129 hoc
998 1072 1195 1128 artificio
1207 1073 1386 1126 utimur
1400 1105 1415 1129 2
1443 1072 1631 1144 quoties
1648 1071 1797 1125 alatus
1812 1069 1888 1123 ille
1903 1089 2012 1145 grex
2027 1070 2152 1124 foras
2169 1090 2225 1124 ex

701 1154 870 1208 alveari
885 1170 1200 1226 prorumpens
1227 1148 1509 1203 tumultuari
1533 1150 1701 1221 incipit
1720 1154 1867 1219 (nam
1881 1148 2027 1201 &ista
2043 1150 2077 1198 R
2089 1148 2227 1220 espu-

700 1231 827 1286 blica
844 1229 1120 1284 domesticis
1137 1229 1228 1281 suis
1244 1227 1379 1280 malis
1394 1245 1498 1280 non
1517 1244 1638 1281 caret
1654 1231 1672 1296 )
1690 1229 1738 1279 &
1758 1225 1945 1280 desertis
1962 1225 2223 1279 domiciliis

700 1310 858 1373 cereis,
874 1307 1083 1362 confusis
1100 1305 1374 1382 agminibus
1389 1323 1465 1376 per
1482 1307 1637 1357 aerem
1652 1303 2004 1358 circumvolitat
2022 1348 2035 1367 ,
2058 1302 2222 1356 donec

697 1389 882 1455 injestis
909 1385 1181 1458 pulveribus
1205 1381 1516 1437 distrahantur
1545 1382 1573 1435 ἐι
1604 1381 1650 1434 se
1673 1383 1886 1439 invicem
1913 1402 1924 1433 z
1959 1396 2067 1434 tum
2090 1383 2225 1434 enirn

699 1463 860 1520 subito

833 1539 1057 1597 Pulveris
1073 1541 1225 1616 exigui
1231 1539 1365 1612 justu
1379 1534 1613 1615 compreffiz
1625 1539 1914 1614 quiescunt).

698 1617 906 1696 Vnde&
921 1620 1126 1696 figura&
1143 1623 1325 1672 lemma
1343 1617 1575 1688 praesentis
1591 1617 1813 1689 Symboli
1828 1615 2080 1685 desumpta
2096 1616 2225 1670 sunt.

808 1697 1015 1751 Tametsi
1033 1697 1142 1753 vero
1157 1697 1255 1749 haec
1269 1694 1435 1747 divifio
1451 1695 1639 1765 semper
1656 1710 1929 1765 opportuna
1946 1692 2016 1756 sit,
2034 1694 2223 1763 majoris

696 1792 862 1829 tamen
879 1774 1139 1847 prudentiae
1151 1774 1215 1825 est
1231 1772 1442 1840 ejusdem
1474 1770 1711 1823 beneficio
1737 1770 1916 1822 damna
1947 1785 2226 1841 praevertere,

699 1868 959 1924 antequam
975 1852 1213 1909 eveniant,
1228 1845 1376 1918 quarn
1392 1846 1559 1898 iisdem
1579 1845 1736 1916 postea
1750 1846 1921 1899 adferre
1936 1847 2223 1901 remedium.

698 1932 799 1980 Rex
815 1926 1135 1980 ferdinandus
1151 1925 1366 1990 Qartus
1382 1957 1397 1979 ‚
1427 1922 1540 1977 cum
1558 1925 1767 1976 virorum
1794 1923 2107 1996 quorundam
2127 1943 2227 1976 no-

698 2005 872 2059 bilium
886 2008 936 2057 in
951 2002 1148 2056 Galaecifi
1166 2019 1329 2053 motus
1345 1999 1656 2063 intellexiffet,
1674 2020 1754 2053 eos
1768 2001 1886 2052 adse
1899 2002 2075 2052 accitos
2095 2001 2224 2055 mili-

700 2081 875 2136 taribus
890 2082 1090 2152 praefecit
1104 2077 1402 2131 muneribus
1428 2077 1643 2128 Romani
1661 2078 1885 2129 homines
1909 2075 2156 2129 seditiosos
2169 2097 2224 2132 ac

699 2158 1004 2212 turbulentos
1032 2155 1091 2208 ad
1108 2154 1324 2209 colonias
1340 2170 1419 2206 aut
1435 2154 1661 2205 exercitus
1688 2153 1992 2227 ablegabant.
2026 2153 2224 2208 Publius

698 2235 920 2292 AEmilius
947 2236 1171 2306 praecipua
1198 2231 1490 2284 seditionum
1507 2230 1655 2306 capita
1679 2234 1726 2282 in
1743 2231 1928 2283 Italiam
1959 2230 2214 2296 transtulit3

701 2318 767 2368 uti
785 2315 831 2364 ὃς
862 2313 1067 2365 Carolus
1094 2311 1314 2376 Qintus
1331 2309 1544 2360 Saxoniae
1572 2309 1793 2362 Nobiles,
1821 2308 2092 2360 Rutilius&
2108 2310 2219 2362 Ger.

702 2392 922 2445 manicus
950 2389 1124 2442 milites
1151 2385 1388 2460 quosdam
1409 2385 1652 2437 seditiosos
1677 2385 1792 2438 rude
1809 2384 2065 2438 donarunt.
2097 2390 2223 2440 Dru-

705 2469 809 2524 susd
822 2467 1170 2522 tumultuantes
1186 2465 1422 2538 Legiones
1439 2463 1643 2532 compes
1639 2461 2055 2525 cuit,diffociando
2068 2483 2143 2516 eas
2159 2464 2221 2518 ab

703 2550 931 2602 invicem.
963 2542 1206 2614 Propterea
1220 2541 1517 2611 temporibus
1532 2541 1696 2593 Galbae
1708 2538 1847 2614 longis
1858 2539 2022 2615 spatiis
2047 2539 2224 2613 distrui

702 2628 926 2678 exercitm
939 2658 956 2681 ,
969 2620 1091 2697 quod
1090 2618 1440 2694 saluberrimum
1454 2618 1512 2691 est
1527 2617 1593 2669 ad
1602 2617 1922 2672 continendam
1950 2616 2222 2672 militarem)

690 2702 856 2778 fidem,
869 2722 949 2754 nec
957 2701 1091 2752 vitiis
1100 2717 1181 2750 nec
1194 2693 1375 2749 viribus
1388 2694 1705 2766 miscebantur.
1732 2694 1894 2755 Quare
1913 2694 2077 2748 multis
2093 2699 2223 2766 opti-

705 2800 849 2833 mum
866 2780 1020 2833 visum
1035 2776 1124 2827 fuit
1141 2819 1153 2838 ‚
1169 2792 1377 2826 omnem
1397 2776 1611 2824 omnino
1628 2789 1812 2830 coetum
1826 2773 2013 2844 populo
2027 2772 2223 2825 interdi-

705 2856 1048 2912 cere.Eundem
1062 2854 1112 2904 in
1129 2851 1279 2904 finem
1294 2849 1404 2901 urbs
1413 2851 1553 2921 Cayri
1571 2849 1622 2901 in
1637 2867 1779 2903 certas
1794 2850 2009 2924 regiones
2026 2850 2220 2921 praealtis

703 2936 828 2990 foffis
845 2934 1086 2986 distinctas
1099 2928 1244 2982 divisa
1256 2927 1365 2983 fuit,
1382 2944 1434 2977 ut
1450 2928 1570 2979 cives
1584 2943 1683 2979 tam
1704 2927 1837 2979 facile
1854 2928 1905 2978 in
1918 2946 2075 2979 unum
2092 2932 2216 2980 coire

707 3033 812 3065 non
832 3010 1031 3083 poss'ent.
1058 3009 1164 3058 Nee
1180 3005 1310 3057 aliud
1334 3022 1596 3076 quicquam
1614 3005 1901 3056 Venetiasin
1924 3005 2082 3078 quiete
2095 3022 2214 3057 con·

708 3091 845 3154 tinet,
861 3093 1010 3161 quarn
1025 3082 1157 3158 quod
1171 3082 1345 3154 plateas
1357 3099 1532 3134 ornnes
1547 3100 1674 3134 mare
1686 3082 1947 3136 intersecet.
1979 3081 2213 3152 Separatio

2032 3155 2216 3210 multos
