2394 3768
750 327 825 372 206
1111 320 1423 362 DIDACI
1481 317 1949 359 SAAVEDRAE

964 459 1733 523 SYMBOLVM
1821 457 2096 516 XVII.

766 2421 948 2561 AR
964 2443 993 2476 Β
1014 2442 1049 2475 o
1065 2442 1098 2476 R
1138 2422 1358 2495 trophaeis
1373 2422 1548 2476 onusta
1565 2440 1673 2474 non
1690 2421 1801 2474 ideo
1819 2440 2015 2475 truncus
2031 2420 2122 2477 esse
2138 2420 2326 2487 definit,

912 2506 998 2578 qui
1012 2503 1119 2556 fuit.
1151 2501 1280 2568 Qae
1296 2501 1474 2556 honori
1491 2500 1685 2553 fuerunt
1704 2500 1803 2553 aliis
1818 2546 1830 2565 ,
1864 2501 1945 2572 ipfi
1962 2520 2069 2554 non
2086 2500 2173 2553 nisi
2191 2503 2328 2555 oneri

767 2585 896 2637 sunt.
909 2585 994 2643 ,Ita
1010 2579 1195 2654 prorsus
1217 2580 1402 2654 egregia
1431 2575 1794 2631 Antecefforum
1813 2580 2028 2632 facinora
2042 2579 2328 2653 ignominiae

765 2663 819 2715 &
836 2660 1061 2715 dedecori
1075 2659 1187 2712 sunt
1206 2654 1482 2721 Successori,
1503 2654 1588 2709 nisi
1606 2655 1775 2708 eadem
1791 2657 2014 2710 imitetur.
2043 2659 2152 2710 Nec
2167 2658 2218 2709 in
2236 2655 2328 2708 illis

770 2740 912 2793 haeres
925 2738 979 2792 fit
992 2737 1184 2812 gloriae,
1212 2734 1291 2788 sed
1310 2735 1515 2787 adrionis
1534 2732 1694 2785 solsslm
1712 2777 1723 2796 ,
1752 2732 1846 2805 quai
1873 2733 2080 2787 eandem
2109 2734 2330 2786 obtineat

772 2815 1034 2869 aemulandi
1052 2812 1228 2866 studio,
1247 2810 1445 2865 Perinde
1460 2830 1514 2863 ac
1526 2810 1607 2862 lux
1622 2810 1673 2862 in
1690 2812 2004 2864 adamantem
2017 2810 2238 2866 incidens
2253 2830 2332 2863 re-

770 2893 1134 2965 flestitut,quia
1164 2890 1378 2943 fundum
1398 2889 1590 2959 reperit3
1616 2887 1790 2940 vitrum
1809 2887 1946 2944 vero,
1975 2888 2112 2962 quod
2126 2887 2331 2959 pelluci-

773 2971 898 3024 dum
921 2970 986 3023 est
1002 3014 1014 3034 ‚
1042 2969 1284 3022 celerrime
1299 2964 1567 3036 pertransit:
1584 2965 1648 3016 ita
1667 2965 1697 3016 fi
1715 2965 1955 3019 Successor
1972 2969 2037 3020 vir
2052 2965 2186 3019 fortis
2203 2965 2257 3018 fit
2273 2986 2329 3019 ae

775 3050 989 3102 strenuus
1003 3081 1020 3103 ‚
1053 3045 1216 3099 lucem
1240 3044 1309 3098 illi
1322 3042 1498 3096 adferet
1517 3087 1530 3107 ‚
1555 3061 1610 3094 ae
1624 3042 1932 3114 splendorem
1965 3042 2329 3097 Antecefforum

775 3127 955 3204 gloria5
982 3123 1013 3177 fi
1031 3124 1199 3178 contre
1213 3121 1301 3177 vile
1318 3140 1370 3174 ac
1385 3136 1531 3173 tenue
1549 3119 1603 3171 fit
1613 3121 1789 3173 vitrum
1805 3157 1821 3177 ,
1837 3121 2080 3195 fulgorem
2095 3121 2239 3174 istum
2256 3123 2331 3173 su-

2166 3200 2334 3253 stinere
