2394 3768
483 652 602 686 Horat.

743 343 817 396 508
1089 329 1904 374 DIDACISAAVEDRAE

734 412 890 480 primo
906 404 992 458 suo
1007 398 1261 454 descivisset
1290 397 1508 449 instituto
1526 441 1538 461 ‚
1564 397 1645 448 ubi
1675 417 1894 468 pauperes
1923 414 2053 451 erant
2067 398 2224 470 privati
2240 441 2253 461 ‚
2277 410 2279 412 ’

733 483 967 552 opulenta
982 477 1092 531 vero
1109 476 1439 530 communitas
1458 518 1470 538 ‚
1501 476 1632 542 cujus
1656 476 1717 526 rei
1733 494 1838 525 non
1859 471 2034 544 absque
2066 475 2254 549 querela

731 561 874 612 etiam
890 559 1115 611 Horatius
1134 553 1373 606 meminit.

1344 629 1415 680 N
1411 646 1465 679 on
1481 629 1545 680 ita
1567 628 1752 680 Romuli

1021 709 1323 781 Praescriptum
1339 748 1350 766 ‚
1369 708 1435 762 ἐφ’
1451 703 1610 774 intonst
1623 706 1666 754 C
1667 705 1825 756 monis

1009 787 1068 840 A
1070 785 1240 860 aspicies
1260 825 1271 844 ,
1284 777 1588 855 veterrkmque
1601 795 1822 842 normal-a,

1018 864 1063 915 P
1068 870 1262 915 rzvastm
1277 855 1360 909 illu
1374 858 1522 928 census
1540 867 1643 908 eras
1657 855 1829 920 breem,

1015 940 1275 990 Commune
1287 953 1551 1007 magnum.

841 1027 896 1078 §-
926 1018 1098 1091 Magni
1127 1018 1280 1086 Reges
1310 1008 1397 1063 suae
1426 1010 1649 1081 potentiae
1668 1009 1834 1062 confisi
1866 1029 2027 1063 curam
2046 1030 2251 1066 omnem

733 1099 975 1153 thesauros
995 1089 1357 1164 colligendi‚aut
1372 1090 1467 1157 jam
1487 1087 1716 1138 collectos
1731 1088 2040 1143 conservandi
2058 1090 2248 1160 plerun-

733 1195 829 1251 que
842 1174 1087 1244 abjiciunt,
1100 1172 1149 1219 ὅ(
1166 1165 1385 1220 effusioni
1401 1163 1605 1236 prodigae
1621 1164 1713 1215 sese
1728 1163 1927 1230 dedunt,
1945 1184 2034 1219 nec
2047 1166 2150 1219 satis
2171 1186 2248 1220 ex-

731 1251 956 1326 pendunt
973 1295 985 1314 ‚
1016 1248 1098 1300 ubi
1114 1245 1310 1298 thesauri
1325 1261 1410 1314 pro
1428 1240 1768 1292 neceilitatibus
1784 1242 2043 1306 defuerint,
2068 1243 2248 1296 necesse

730 1329 820 1384 esse
836 1375 848 1394 ,
879 1344 931 1381 ut
949 1326 1165 1379 subditos
1180 1321 1354 1374 deinde
1380 1318 1561 1370 tributis
1577 1335 1808 1383 onerent,
1828 1339 1940 1371 cum
1955 1321 2082 1393 gravi
2098 1319 2250 1375 fideli-

733 1408 841 1461 tatis
863 1402 1131 1458 eorundem
1147 1396 1383 1471 perieulo3
1421 1399 1468 1446 ὃ(
1483 1393 1669 1469 quanto
1692 1396 1975 1448 Monarchia
1991 1400 2128 1450 fuerit
2143 1418 2249 1451 ma-

730 1489 803 1558 jor
823 1520 838 1541 ‚
880 1480 1017 1535 tanto
1055 1476 1314 1549 majoribus
1339 1471 1563 1544 impensis
1588 1475 1636 1523 ὅς
1664 1473 1931 1544 sumptibus
1964 1494 2084 1545 opus
2126 1476 2241 1528 fore.

731 1562 1017 1615 Centimani
1036 1556 1199 1608 Briarei
1215 1555 1449 1621 Principes
1466 1551 1593 1613 sunt,
1612 1550 1740 1621 quisi
1757 1552 2106 1626 quinquaginta
2127 1556 2250 1606 acci-

730 1642 864 1713 piant
879 1636 1120 1699 manibu3‚
1137 1649 1336 1687 centum
1349 1628 1444 1680 aliis
1457 1629 1627 1679 iterum
1643 1627 1822 1681 debent
1839 1630 2115 1699 expendere.
2142 1634 2190 1681 N
2195 1649 2248 1683 ec

730 1716 892 1770 ullum
910 1719 1141 1787 Regnum
1157 1727 1256 1763 tam
1276 1706 1566 1780 opulentum
1586 1748 1598 1767 ‚
1622 1721 1673 1756 ut
1692 1706 1785 1774 ejus
1798 1706 1966 1759 divitiae
1979 1708 2145 1760 manui
2160 1706 2245 1759 ali-

732 1794 811 1849 cui
828 1791 1034 1862 prodigae
1049 1788 1139 1838 s1nt
1154 1785 1276 1838 satis.
1310 1781 1479 1836 Nubes
1498 1779 1593 1831 una
1607 1781 1719 1833 hora
1735 1781 1998 1834 effundunt
2019 1802 2212 1855 vapores
2232 1827 2246 1847 ,

735 1887 860 1941 quos
878 1868 1147 1919 multorum
1163 1862 1346 1914 dierum
1364 1859 1513 1930 spatio
1531 1856 1776 1931 collegere.
1794 1857 2012 1910 Thesauri
2027 1860 2111 1924 illi,
2128 1879 2250 1933 quos

734 1950 917 2000 Natura
929 1941 1094 1995 multis
1109 1939 1252 1991 etiarn
1270 1935 1501 1990 saeculisin
1516 1934 1693 1986 secretis
1706 1937 1950 1989 montium
1965 1939 2124 1989 aerariis
2140 1941 2252 1990 coe-

733 2039 885 2099 gerat,
921 2016 1248 2071 immoderatae
1277 2017 1617 2066 Romanorum
1651 2015 1995 2081 Imperatorum
2022 2012 2260 2084 profusio-J

734 2103 786 2152 ni
813 2095 1018 2150 minime
1048 2090 1255 2144 sufficere
1269 2103 1544 2160 potuerunt.
1581 2088 1771 2139 Etsolet
1787 2088 1834 2139 id
1850 2089 2114 2163 plerunque
2129 2091 2254 2144 acci-

734 2178 844 2229 dere
871 2168 1246 2224 Succefforibus„
1277 2168 1358 2239 qui
1376 2164 1720 2231 thesaurosjam
1737 2165 1968 2218 collecftos
1992 2168 2252 2237 reperiunt:

731 2250 962 2307 inutiliter
988 2250 1122 2301 enim
1152 2244 1482 2297 consumunt,
1511 2242 1645 2312 quod
1668 2241 1843 2314 absque
1862 2242 2021 2296 labore
2035 2246 2255 2299 iisobve-

738 2333 811 2384 nit
824 2366 839 2386 ,
855 2329 904 2379 &
922 2345 1038 2378 mox
1050 2324 1314 2377 aerariorum
1328 2321 1522 2373 diruunt
1536 2337 1720 2393 aggeres
1740 2357 1750 2374 2
1783 2339 1832 2371 iit
1849 2323 1997 2372 Sta-tus
2013 2324 2122 2373 suos
2135 2321 2254 2374 deli-

733 2410 813 2462 ciis
835 2403 1093 2458 inundent.
1136 2402 1256 2450 Non
1282 2401 1470 2470 integro
1498 2396 1653 2448 adhue
1680 2400 1886 2450 triennio
1916 2400 2153 2472 sexaginta
2178 2400 2254 2450 sex

733 2485 829 2538 auri
857 2482 1098 2535 milliones
1128 2476 1344 2550 prodegit
1360 2471 1577 2547 Caligula
1596 2508 1611 2529 2
1641 2472 1719 2525 etii
1748 2474 1794 2525 id
1813 2478 2036 2546 temporis
2062 2477 2255 2529 scutum

732 2581 892 2615 unum
918 2558 1089 2615 valeret
1120 2572 1309 2610 tantum
1329 2599 1342 2617 ‚
1373 2568 1614 2625 quantum
1643 2570 1775 2602 nune
1800 2554 1987 2604 decem.
2019 2556 2159 2607 Fatua
2191 2554 2255 2607 est

731 2641 947 2711 potentia
967 2681 980 2701 ‚
1007 2639 1056 2685 &
1087 2635 1198 2688 ideo
1223 2651 1344 2702 opus
1377 2629 1518 2682 habet
1543 2666 1554 2690 ,
1595 2645 1647 2680 ut
1676 2630 1925 2702 corrigatur
1954 2632 1979 2683 a
2006 2629 2253 2702 prudentia

732 2714 1068 2769 oeconomica:
1095 2712 1270 2782 absque
1283 2709 1370 2762 hac
1383 2709 1515 2759 enim
1533 2724 1647 2756 mox
1664 2722 1809 2757 ruunt
1827 2709 2040 2778 Imperia.
2068 2712 2249 2760 Roma-

734 2812 860 2846 num
889 2791 1120 2844 inclinare
1143 2789 1294 2842 visum
1310 2787 1372 2837 est
1393 2830 1404 2848 ,
1445 2803 1500 2835 ex
1523 2802 1625 2855 quo
1637 2783 1993 2854 profusionibus
2013 2785 2248 2839 immodi-

735 2872 799 2922 cis
829 2872 876 2920 ὅ(
905 2866 1175 2938 sumptibus
1203 2863 1361 2916 nimiis
1392 2865 1738 2930 Imperatorum
1767 2859 1963 2914 thesauri
1992 2862 2117 2915 illius
2147 2881 2246 2914 coe-

732 2961 904 3016 petunt
920 2945 1121 3017 prodigi.
1151 2942 1302 2994 Armis
1319 2941 1368 2990 δε
1383 2939 1556 3008 opibus
1575 2936 1791 2990 mundus
1807 2937 1883 2990 hic
1897 2944 2084 3013 regitur.
2121 2938 2247 2991 Istud

728 3024 780 3074 in
808 3021 1018 3092 praesenti
1038 3019 1338 3071 Emblemate
1364 3015 1543 3090 gladius
1559 3013 1790 3088 significat
1806 3059 1817 3079 ,
1830 3017 1879 3066 ὅ(
1895 3034 2054 3069 ramus
2069 3035 2245 3078 aureus,

728 3118 853 3172 quos
878 3099 1010 3169 supra
1035 3114 1158 3149 terrae
1170 3096 1339 3149 orbern
1358 3092 1602 3146 brachium
1617 3092 1810 3144 sustinet
1826 3137 1838 3156 ,
1865 3092 1922 3146 ad
1939 3091 2247 3146 innuendum

2103 3187 2249 3225 nimi-
