2394 3768
441 320 839 363 SYMBOLA
900 322 1330 363 POLITICA.
1595 326 1672 371 609

3 372 6 401 ⁷
57 410 61 413 ·
132 388 280 464 genio
295 386 467 460 geritur
488 390 835 460 :periculosum
850 390 914 443 est
931 392 978 440 ὅ(
996 410 1185 463 anceps,
1199 391 1336 465 quod
1353 389 1460 443 solo
1473 391 1662 447 robore.

486 495 589 504 --
605 470 670 521 N
672 487 727 519 on
746 466 893 539 [oliam
909 466 1088 520 viribus
1103 489 1303 544 aquam-2

278 541 465 616 (redere
480 579 494 598 ,
510 545 615 618 [xpe
626 546 719 596 acri
728 547 872 619 potior
874 543 1120 620 prudentia
1131 544 1311 601 dextri.

277 623 464 679 &Idem
478 640 572 672 una
588 620 768 695 sapiens
775 619 976 696 plurium
991 625 1141 676 vincit
1154 643 1337 675 manm.

137 695 351 749 Tiberius
367 696 484 748 datis
502 697 557 748 ad
576 699 921 749 Germanicum
934 698 1074 751 literis
1090 700 1314 773 gloriatus
1328 701 1391 752 est
1412 703 1481 771 ,β’
1498 703 1660 754 novies·

138 773 170 829 a*
182 775 324 827 Divo
337 775 395 826 A
397 774 547 847 agusto
561 776 609 827 in
625 776 929 828 Germaniam
944 774 1142 845 missum,
1150 775 1277 852 plura
1287 777 1475 852 consilio,
1491 777 1664 853 quam-2

139 854 198 904 vi
204 849 483 925 perfeciffej.
506 854 611 903 Nec
629 851 760 903 aliter
777 871 908 924 agere
924 853 1105 905 solebat
1121 899 1132 919 ,
1146 853 1256 907 cum
1274 855 1578 925 Imperatoria
1594 856 1664 907 di-

139 944 323 1003 gnitate
350 932 621 999 fungeretur
637 972 648 990 ‚
675 929 921 999 praesertim
943 947 994 982 ut
1025 932 1288 985 Provincias
1316 931 1463 1005 longe
1495 932 1665 984 dissitas

140 1021 346 1059 tueretur
367 1048 378 1067 ‚
394 1004 724 1057 &identidem
749 1007 986 1076 repetebat
1007 1052 1018 1070 ,
1043 1006 1251 1081 Constliis
1265 1013 1332 1069 ζῇ*
1345 1010 1443 1082 astu
1455 1022 1666 1060 externas

141 1101 208 1137 res
224 1079 478 1134 moliendas
498 1129 510 1147 ,
536 1102 668 1136 arma
675 1082 839 1156 procul
859 1081 1128 1137 habenda-2.
1160 1089 1283 1139 Non
1303 1088 1469 1138 omnia
1486 1084 1668 1139 viribus

143 1163 435 1231 superantur,
451 1180 541 1212 non
557 1163 795 1213 velocitate
808 1196 822 1217 ‚
839 1179 927 1212 non
941 1159 1155 1215 celeritate
1168 1198 1182 1218 ,
1200 1163 1284 1235 sed
1301 1162 1473 1234 constlio
1489 1164 1668 1233 egi-'sen—

143 1234 307 1291 tentid.
338 1237 564 1290 Victoriis
592 1239 838 1290 continuis
869 1241 1123 1292 Provinciae
1141 1241 1333 1314 Belgicae
1352 1239 1634 1312 pessumiere
1651 1266 1660 1291 :

144 1317 249 1388 plus
263 1314 394 1367 enim
409 1314 620 1367 fortiudo
635 1312 815 1368 efficere
833 1332 1005 1368 conata
1020 1317 1099 1380 est,
1113 1319 1261 1389 quarn
1280 1317 1544 1388 prudentia.
1578 1319 1670 1370 Vi-

147 1397 274 1446 rium
301 1391 416 1444 loco
442 1392 598 1464 itaque
617 1393 843 1446 calliditas
872 1394 1090 1446 succedat
1108 1396 1155 1445 δε
1174 1396 1334 1447 astutia
1350 1439 1361 1457 ‚
1392 1397 1438 1446 δε
1458 1394 1542 1448 hac
1561 1397 1670 1448 vin-

148 1489 293 1533 catur,
311 1470 550 1540 quodillis
564 1489 668 1521 non
687 1472 856 1539 potest.
883 1472 1104 1541 Qando
1123 1473 1420 1543 temporibus
1447 1472 1668 1526 Roderici

143 1550 289 1622 Regis
315 1548 470 1599 Mauri
502 1567 554 1598 ex
585 1548 733 1601 Africa
760 1549 1044 1619 Hispaniam
1074 1552 1213 1602 armis
1241 1551 1333 1602 suis
1362 1550 1641 1602 infestfirunt

146 1626 345 1678 Murciae
372 1626 614 1676 Praefectus
631 1627 680 1676 in
707 1626 874 1695 proelio
892 1626 1110 1697 quodam
1130 1673 1142 1692 ‚
1172 1629 1221 1678 in
1243 1647 1343 1700 quo
1360 1645 1460 1680 tota
1479 1629 1674 1682 civitatis

147 1704 269 1757 illius
291 1702 534 1753 Nobilitas
560 1704 791 1755 occubuit
812 1749 823 1767 ,
852 1706 1003 1756 vietus
1020 1705 1188 1761 fuit‚&
1204 1706 1443 1768 foeminae,
1469 1724 1513 1755 re
1533 1725 1675 1758 com-

148 1779 291 1853 perta,
309 1781 358 1830 in
376 1779 491 1830 virili
507 1778 688 1832 habitu,
703 1781 752 1828 δε
769 1782 907 1830 armis
922 1782 1089 1832 cin<stae
1105 1799 1182 1849 per
1199 1783 1326 1833 urbis
1343 1801 1509 1832 muros
1526 1782 1571 1832 se
1587 1783 1682 1834 dis-

149 1858 344 1929 posuere
361 1881 374 1918 5
405 1854 542 1927 quod
558 1854 671 1907 cum
689 1875 878 1929 magnae
896 1855 1222 1907 multitudinis
1238 1858 1445 1927 speciem
1461 1859 1683 1927 praebuis-

151 1936 235 1998 set,
255 1934 311 1984 ad
331 1932 552 1984 honestas
568 1932 835 1984 coditiones
851 1934 1049 1984 victores
1066 1936 1264 1985 Mauros
1282 1933 1490 1987 adduxit.
1507 1935 1684 1987 Eduar-

153 2012 242 2063 dus
256 2011 473 2075 Qartus
499 2010 681 2082 Angliae
701 2013 797 2060 Rex
827 2010 977 2061 dicere
996 2010 1176 2061 solebat
1195 2055 1207 2074 ‚
1236 2011 1472 2062 Carolum
1491 2032 1684 2085 cogno-

154 2104 328 2141 mento
346 2086 620 2155 Sapientem
648 2086 847 2138 Franciae
864 2088 1046 2159 Regem
1062 2085 1207 2137 nullis
1222 2087 1510 2139 instructum
1525 2095 1681 2153 armis,

156 2166 269 2219 solis
283 2164 422 2216 literis
436 2164 643 2236 graviora
663 2179 827 2214 contra
844 2162 1096 2215 semovere
1114 2163 1237 2215 bella
1254 2208 1266 2227 ,
1290 2163 1439 2235 quam
1457 2183 1536 2217 aut
1555 2170 1682 2219 Pater

153 2257 350 2313 eju5,aut
368 2244 491 2292 Avus
511 2242 651 2291 armis
664 2238 1081 2294 fecissent-Ferrum
1098 2242 1147 2291 δε
1160 2241 1346 2315 gladius
1364 2245 1523 2313 paucis
1538 2245 1586 2295 in
1605 2244 1680 2295 lo-

155 2325 218 2374 cis
235 2321 331 2372 vim
347 2320 481 2369 suam
500 2318 693 2386 possunt
710 2335 915 2369 exercere
934 2362 944 2380 ‚
961 2318 1103 2370 solers
1119 2337 1274 2371 rerum
1289 2320 1554 2392 negotiatio
1570 2320 1679 2373 ubi-

154 2400 222 2453 vis
240 2395 420 2448 efficere
438 2394 590 2464 potest
607 2395 885 2464 plurimum.
916 2398 1021 2447 Nec
1037 2397 1172 2448 refert
1204 2397 1442 2466 Principes
1459 2396 1607 2449 abess'e
1624 2417 1679 2450 ac

155 2475 322 2528 distare
338 2476 456 2524 inter
475 2472 520 2523 se
537 2471 754 2544 longius:
771 2471 886 2523 sicut
901 2473 1034 2524 enim
1050 2473 1235 2525 arbores
1251 2474 1425 2526 mediis
1443 2475 1681 2528 radicibus

158 2550 535 2607 communicant
551 2549 670 2599 inter
685 2548 729 2599 se
742 2583 758 2603 ‚
775 2551 824 2598 δε
854 2551 1083 2601 uniuntur
1096 2551 1306 2604 invicem
1326 2595 1338 2615 ‚
1351 2551 1431 2604 sua
1447 2553 1620 2626 agendi
1633 2554 1678 2605 vi

158 2648 238 2702 per
250 2628 436 2701 largum
453 2627 595 2677 etiam
611 2626 814 2696 spatium
833 2624 1015 2691 diffusa,
1029 2628 1092 2679 ita
1107 2627 1176 2679 illi
1191 2646 1268 2698 per
1282 2629 1391 2680 suos
1408 2631 1612 2702 Legatos
1628 2632 1680 2680 &

157 2704 348 2761 artificia
360 2702 580 2776 quaedam
595 2702 787 2755 occulta
804 2704 1006 2773 praestare
1022 2704 1151 2756 idem
1168 2721 1407 2775 poterunt.
1423 2708 1554 2758 Vires
1569 2707 1675 2760 alie-

162 2802 248 2837 nas
261 2783 364 2834 suas
376 2782 628 2853 ingenium
643 2777 786 2833 efficit
802 2783 925 2833 inito
940 2800 1052 2833 cum
1067 2784 1227 2833 exteris
1239 2782 1414 2835 foedere
1428 2829 1439 2847 ‚
1455 2803 1681 2837 commu-

159 2869 236 2914 nis
252 2857 462 2912 utilitatis
477 2858 672 2909 intuitu.
702 2864 736 2910 E
753 2861 934 2928 privato
948 2858 1111 2930 aliquo
1134 2859 1362 2912 cubiculo
1382 2862 1485 2930 plus
1498 2860 1680 2915 efficere

161 2938 382 3006 Princeps
407 2936 576 3005 poterit
590 2980 602 2996 ,
629 2940 776 3006 qu‘am
804 2937 853 2988 in
878 2937 1123 3006 campestri
1147 2956 1274 3009 agre.
1310 2939 1409 2989 Rex
1439 2939 1680 3010 Philippus

162 3013 412 3068 Secundus
433 3012 642 3064 Madrito
657 3013 851 3065 discessit
871 3032 1147 3084 nunquam,
1165 3017 1213 3064 &
1229 3014 1400 3066 orbem
1413 3018 1463 3068 in
1483 3034 1615 3069 metu
1629 3020 1682 3068 &

161 3089 436 3146 obedientia
451 3090 871 3165 continuit.Mag35
887 3091 1136 3162 prudentia
1155 3094 1474 3146 metuendum
1494 3094 1537 3146 se
1552 3095 1681 3150 fecit,

1535 3173 1688 3244 quam

1700 481 1777 515 Val.
1803 483 1889 516 Flac.

1692 639 1804 686 Eurip.

1693 716 1798 749 Tacit.
1814 719 1905 754 liba..

1695 765 1811 799 Annal.

1695 1001 1802 1036 Tacit.
1816 1002 1916 1041 lib,6.

1696 1054 1812 1085 Annal.

1698 1116 1826 1150 Cicero.

1700 1485 1787 1522 Mar,
1802 1483 1874 1516 hist.

1701 1532 1796 1579 Hisp.
1811 1534 1866 1567 lib.
1886 1541 1919 1568 6.

1655 1597 1666 1615 2
1698 1594 1726 1615 c.
1741 1593 1795 1624 24.
