2394 3768
458 372 854 416 SYMBOLA
909 373 1353 415 POLITICA.
1591 388 1665 426 719

255 445 306 501 5.
332 445 512 513 Pompa
529 440 759 505 funebris»,
776 440 1024 493 Mausolea
1040 442 1314 517 magnifica,
1328 440 1555 494 adornata
1572 441 1661 493 sta-

147 520 239 574 tuis
258 522 307 571 &
325 519 548 572 caelaturis
567 537 859 593 magnorum
876 519 1157 590 sumptuum
1172 556 1188 577 ,
1209 538 1312 572 non
1339 538 1467 572 mera
1485 519 1660 571 Princi-

146 619 265 671 pum
282 598 461 651 vanitas
474 597 684 647 aestimari
709 595 914 661 debent,
942 596 1020 648 sed
1036 597 1260 672 generosa
1279 596 1498 669 quaedam
1516 598 1660 665 pietas

144 674 304 748 potius
318 711 332 731 ‚
361 693 464 746 quae
479 674 708 725 ultimum
737 672 947 747 defignat
975 673 1199 726 humanae
1231 674 1482 742 Majestatis
1499 674 1659 726 termi—

146 774 289 816 num,
302 755 350 803 ἃ
370 750 724 824 magnificentia
740 749 829 814 illa,
846 751 938 823 qua
956 750 1256 804 honorantur
1273 779 1285 815 3
1311 753 1359 801 &
1374 750 1655 803 asservantur

145 850 314 884 eorum
332 831 505 881 cineres
519 863 535 882 ,
562 827 769 878 ostendit
785 829 969 880 cultum
986 849 1036 882 ac
1052 831 1409 883 venerationem
1428 828 1659 899 Maiestati

145 908 377 961 debitam:
396 925 551 977 neque
565 907 696 956 enirn
713 906 920 975 sepulcra
937 906 1062 958 aliud
1083 910 1207 971 sunt,
1220 905 1368 974 quam
1386 923 1519 958 muta
1533 924 1662 978 quae-

146 989 261 1045 darn
281 984 466 1037 historia
491 982 930 1058 prosapiaessRegiae.
954 986 1168 1057 Exequiae
1195 989 1382 1057 Regum
1401 984 1593 1036 Davidis
1609 984 1659 1033 ὃς

145 1063 421 1117 Salomonis
437 1060 609 1134 insigni
628 1079 741 1114 curn
760 1060 937 1131 pompa
951 1063 999 1112 ὅ(
1014 1063 1264 1132 splendore
1280 1061 1520 1114 celebratae
1535 1061 1661 1113 sunt.

254 1145 305 1197 §-
326 1141 379 1190 In
396 1140 683 1209 privatorum
701 1140 905 1210 exequiis
920 1139 1094 1214 magna
1107 1138 1346 1211 vigilantia
1360 1158 1478 1209 opus
1493 1138 1574 1193 est,
1591 1139 1634 1189 fa
1646 1167 1659 1174 ·

143 1218 232 1271 cile
261 1219 394 1268 enirn
419 1215 794 1268 introducuntur
824 1217 1171 1286 superstitiones
1201 1217 1438 1290 Religioni
1468 1216 1618 1267 noxiae
1640 1244 1655 1271 2

139 1294 276 1349 illusa
290 1295 638 1368 imaginatione
652 1313 704 1347 ex
718 1314 778 1346 eo
797 1339 808 1359 ,
822 1294 956 1367 quod
974 1295 998 1347 a
1016 1295 1258 1347 defunctis
1272 1313 1351 1347 aut
1376 1295 1549 1363 sperat,
1576 1310 1655 1345 aut

139 1375 313 1426 metuit
330 1375 464 1444 5quia
481 1375 591 1426 vero
601 1374 744 1424 etiam
762 1374 987 1425 funerum
1007 1374 1222 1444 sumptus
1238 1372 1509 1445 quotidiani
1527 1371 1655 1425 sunt,
1698 1423 1702 1428 ,

139 1454 189 1503 ὃ(
205 1452 262 1504 ad
281 1453 460 1502 multos
479 1451 952 1520 pertinent,omnino
968 1451 1200 1507 moderari
1215 1451 1324 1503 illos
1340 1448 1526 1520 expedit
1546 1447 1660 1500 :do-

141 1532 214 1584 lor
229 1531 363 1582 enirn
384 1530 608 1580 &inanis
622 1528 770 1601 gloria
787 1527 998 1581 nimium
1030 1547 1196 1603 augere
1212 1547 1294 1580 eos
1308 1527 1479 1580 solent,
1525 1525 1659 1577 Plato

139 1609 467 1680 sepulcrorum
496 1607 682 1658 fabricae
703 1622 883 1658 certum
915 1607 1070 1677 posuit
1093 1608 1462 1677 pretium5uti&
1486 1603 1662 1666 Solon,

138 1690 186 1738 δε
207 1686 311 1757 post
331 1704 414 1737 eos
431 1684 659 1735 Romani.
675 1687 773 1734 Rex
790 1683 1029 1755 Pnilippus
1044 1683 1293 1737 Secundus
1311 1683 1659 1758 pragmaticam

139 1765 289 1817 edidit
301 1762 609 1814 sanctionem
625 1806 638 1825 ‚
667 1760 761 1832 qua
785 1761 959 1813 nimias
989 1762 1295 1833 exequiarum
1314 1762 1536 1832 expensas
1553 1778 1666 1810 mo-

141 1844 325 1896 deratur
339 1842 389 1890 &
404 1839 608 1911 corrigit,
626 1838 839 1911 Paraque
855 1838 1015 1907 (verba
1030 1839 1169 1907 ipsius
1184 1841 1315 1906 sunt)
1332 1837 1373 1891 lo
1387 1857 1474 1912 que
1483 1836 1666 1912 ftgasta

142 1941 200 1974 en
212 1937 370 1972 vanas
385 1915 797 1987 demonstracionos,
815 1916 832 1966 i
845 1916 1143 1990 apariencias,
1152 1917 1340 1986 fi’gafle
1357 1957 1370 1976 ,
1384 1918 1399 1964 ι’
1415 1912 1667 1985 distribuya

143 2018 199 2050 en
216 1994 256 2048 lo
280 2014 367 2071 que
391 2013 435 2045 ess
445 1994 654 2065 servicio
666 1990 722 2042 de
739 1992 863 2043 Dios
880 2026 894 2046 ‚
920 1993 937 2044 i
962 2004 1180 2042 ammento
1192 1989 1272 2040 del
1279 1989 1399 2040 culto
1416 1988 1606 2044 divino,
1648 1990 1668 2040 i

143 2074 245 2129 bien
258 2078 312 2126 de
326 2070 395 2124 las
409 2073 593 2123 animas
607 2068 662 2120 de
673 2065 735 2120 los
751 2066 972 2139 defuntos.

256 2159 310 2210 5.
327 2148 460 2201 Vidit
480 2147 725 2218 hucusque
737 2147 969 2198 Serenitas
985 2145 1145 2200 Vestra
1165 2145 1466 2199 nativitatem
1485 2190 1497 2209 ‚
1529 2163 1663 2197 rnor-

146 2250 248 2285 tem
270 2275 280 2295 ‚
307 2231 353 2279 ἃ
375 2226 592 2297 exequias
613 2224 862 2295 Principis,
898 2243 1046 2296 quem
1062 2224 1142 2276 ista
1167 2226 1381 2277 formant
1397 2222 1633 2295 Symbola
1650 2264 1664 2285 ,

142 2313 283 2380 hujus
300 2305 481 2375 aedificii
499 2303 680 2373 politici
696 2301 881 2354 fabricae
898 2301 1026 2374 quasi
1046 2303 1209 2356 coram
1228 2302 1445 2355 assistens,
1462 2300 1486 2352 a
1506 2302 1664 2370 primo

142 2391 292 2463 usque
306 2387 364 2437 ad
381 2384 611 2434 ultimum
626 2380 750 2433 illius
769 2379 1004 2450 lapidem5
1019 2397 1160 2454 atque
1174 2397 1225 2431 ut
1241 2399 1374 2431 nunc
1391 2380 1559 2430 eadem
1579 2381 1662 2429 Se·-

142 2471 315 2522 tenitas
333 2462 491 2514 Vestra
506 2462 676 2510 omnia
692 2457 874 2511 facilius
888 2457 1094 2522 recolat,
1128 2477 1276 2529 operae
1290 2457 1492 2528 pretium
1515 2456 1668 2509 existi-

144 2548 289 2609 mavi,
307 2543 518 2614 aliquam
537 2536 666 2608 quasi
681 2534 864 2590 aedificii
882 2537 1028 2589 totius
1041 2537 1200 2588 ideam
1221 2536 1302 2587 seu
1317 2535 1567 2604 speculum
1584 2533 1664 2585 hie

144 2641 398 2698 apponere,
415 2620 464 2670 in
484 2635 585 2690 quo
601 2613 721 2667 illud
739 2616 1103 2686 repraesentetur‚·
1119 2613 1234 2666 ficut
1251 2614 1300 2665 in
1324 2613 1500 2664 minori
1517 2613 1667 2681 major

147 2702 498 2774 repraesentatur
513 2695 685 2748 civitas.
718 2694 812 2744 Erit
827 2693 906 2745 iste
924 2696 1024 2745 Rex
1040 2691 1361 2745 Perdinandus
1386 2690 1669 2742 Catliolicus

147 2779 415 2835 Serenitatis
434 2773 604 2828 Vestrae
622 2780 748 2825 Avus
761 2815 773 2834 ‚
804 2771 893 2823 sub
910 2773 1040 2841 cujus
1055 2769 1481 2844 gloriosoimperio
1493 2787 1671 2820 omnes

144 2863 273 2933 pacis
305 2854 518 2927 bellique
536 2868 652 2904 artes
666 2850 931 2902 floruerunt
947 2885 964 2906 ,
992 2851 1040 2899 ὃς
1058 2848 1299 2918 utriusque
1330 2850 1549 2899 Fortunae
1565 2864 1668 2899 tam

144 2938 370 3011 prosperat
389 2979 400 2998 ‚
416 2933 564 3004 quam
578 2929 775 2983 adversae
788 2927 1006 2998 exempla
1019 2926 1245 2982 vidimus·
1280 2925 1488 2977 Infantia
1503 2927 1669 2998 magni

145 3017 273 3070 istius
292 3013 433 3086 Regis
447 3008 606 3062 adulta
622 3009 670 3059 ὃς
688 3007 830 3060 virilis
847 3007 952 3060 fuit.
985 3004 1142 3072 Qod
1158 3020 1226 3055 ars
1252 3005 1300 3054 &
1319 3002 1526 3054 studium
1541 3004 1591 3054 in
1606 3022 1667 3054 eo

146 3092 362 3168 perficere
378 3088 713 3160 nequiverunt,
731 3085 920 3157 perfecit
939 3083 1220 3154 experientia
1237 3124 1248 3143 ,
1265 3083 1498 3133 transacta
1515 3082 1564 3132 in
1586 3092 1670 3133 ex-'

144 3171 314 3227 ercitiis
333 3165 615 3222 militaribus
635 3166 904 3235 juventute,
932 3165 1110 3215 Otium
1125 3159 1253 3213 illius
1271 3161 1527 3234 negotium
1542 3175 1638 3221 erat
1657 3188 1671 3222 ὁ

1495 3236 1675 3291 relaxa-

1684 991 1697 1006 2
1718 986 1862 1034 Qomodo

1684 1035 1900 1080 imagmtlf'suss

1683 1083 1851 1128 noscuntur,

1684 1143 1752 1174 quas
1764 1143 1810 1164 nec
1816 1133 1905 1165 νὶῖἲον

1683 1180 1794 1222 quidem
1810 1180 1906 1214 abole-

1681 1228 1775 1272 v1t‚fic
1789 1238 1904 1272 partem

1682 1280 1818 1310 mcvnorzste
1828 1277 1906 1320 apud

1681 1331 1838 1369 Scriptores
1860 1338 1907 1359 re·

1683 1376 1787 1407 tinent.
1795 1376 1877 1409 Tac.

1683 1421 1902 1466 hb.4.Annal.

1695 1837 1734 1870 L.
1749 1847 1779 1869 2.
1795 1845 1834 1868 tt.
1851 1846 1881 1876 5.

1692 1885 1784 1931 1ib.5.
1798 1894 1907 1930 comp„
