<?xml version="1.0" encoding="UTF-8"?>
<!DOCTYPE html PUBLIC "-//W3C//DTD XHTML 1.0 Transitional//EN"
    "http://www.w3.org/TR/xhtml1/DTD/xhtml1-transitional.dtd">
<html xmlns="http://www.w3.org/1999/xhtml" xml:lang="en" lang="en">
 <head>
  <title>
</title>
<meta http-equiv="Content-Type" content="text/html;charset=utf-8" />
  <meta name='ocr-system' content='tesseract 3.04.00' />
  <meta name='ocr-capabilities' content='ocr_page ocr_carea ocr_par ocr_line ocrx_word'/>
</head>
<body>
  <div class='ocr_page' id='page_1' title='image "./ideaprincipischr00saav_0597.png"; bbox 0 0 2394 3768; ppageno 0'>
   <div class='ocr_carea' id='block_1_1' title="bbox 131 319 1705 3191">
    <p class='ocr_par' dir='ltr' id='par_1_1' title="bbox 466 319 1675 387">
     <span class='ocr_line' id='line_1_1' title="bbox 466 319 1675 387; baseline 0.004 -22"><span class='ocrx_word' id='word_1_1' title='bbox 466 325 861 368; x_wconf 80' lang='lat' dir='ltr'>sYMBoLA</span> <span class='ocrx_word' id='word_1_2' title='bbox 922 319 1350 369; x_wconf 78' lang='lat' dir='ltr'><strong>POLITICA.</strong></span> <span class='ocrx_word' id='word_1_3' title='bbox 1596 337 1675 387; x_wconf 72' lang='lat'>569</span> 
     </span>
    </p>

    <p class='ocr_par' dir='ltr' id='par_1_2' title="bbox 143 396 1675 933">
     <span class='ocr_line' id='line_1_2' title="bbox 259 396 1675 470; baseline 0.005 -19"><span class='ocrx_word' id='word_1_4' title='bbox 259 403 314 455; x_wconf 68' lang='lat'>5.</span> <span class='ocrx_word' id='word_1_5' title='bbox 343 398 397 452; x_wconf 86' lang='lat' dir='ltr'>In</span> <span class='ocrx_word' id='word_1_6' title='bbox 412 396 516 467; x_wconf 85' lang='lat' dir='ltr'>ipss</span> <span class='ocrx_word' id='word_1_7' title='bbox 532 397 741 470; x_wconf 88' lang='lat' dir='ltr'>denique</span> <span class='ocrx_word' id='word_1_8' title='bbox 767 396 1017 452; x_wconf 65' lang='lat' dir='ltr'>effectibus</span> <span class='ocrx_word' id='word_1_9' title='bbox 1044 400 1213 453; x_wconf 86' lang='lat' dir='ltr'>falsam</span> <span class='ocrx_word' id='word_1_10' title='bbox 1239 402 1537 458; x_wconf 89' lang='lat' dir='ltr'>obtentuum</span> <span class='ocrx_word' id='word_1_11' title='bbox 1560 404 1675 458; x_wconf 90' lang='lat' dir='ltr'>illo-</span> 
     </span>
     <span class='ocr_line' id='line_1_3' title="bbox 150 475 1671 555; baseline 0.005 -28"><span class='ocrx_word' id='word_1_12' title='bbox 150 493 257 527; x_wconf 86' lang='lat' dir='ltr'>rum</span> <span class='ocrx_word' id='word_1_13' title='bbox 289 475 495 544; x_wconf 88' lang='lat' dir='ltr'>speciem</span> <span class='ocrx_word' id='word_1_14' title='bbox 509 493 698 546; x_wconf 86' lang='lat' dir='ltr'>tempus</span> <span class='ocrx_word' id='word_1_15' title='bbox 711 476 896 546; x_wconf 83' lang='lat' dir='ltr'>prodit,</span> <span class='ocrx_word' id='word_1_16' title='bbox 908 478 1018 548; x_wconf 89' lang='lat' dir='ltr'>quia</span> <span class='ocrx_word' id='word_1_17' title='bbox 1035 494 1115 530; x_wconf 88' lang='lat' dir='ltr'>aut</span> <span class='ocrx_word' id='word_1_18' title='bbox 1133 498 1237 531; x_wconf 89' lang='lat' dir='ltr'>non</span> <span class='ocrx_word' id='word_1_19' title='bbox 1252 481 1515 551; x_wconf 86' lang='lat' dir='ltr'>praestatur,</span> <span class='ocrx_word' id='word_1_20' title='bbox 1534 480 1671 555; x_wconf 91' lang='lat' dir='ltr'>quod</span> 
     </span>
     <span class='ocr_line' id='line_1_4' title="bbox 147 551 1673 630; baseline 0.006 -28"><span class='ocrx_word' id='word_1_21' title='bbox 147 571 302 623; x_wconf 87' lang='lat' dir='ltr'>promi</span> <span class='ocrx_word' id='word_1_22' title='bbox 292 551 428 604; x_wconf 87' lang='lat' dir='ltr'>ssum</span> <span class='ocrx_word' id='word_1_23' title='bbox 447 554 625 617; x_wconf 83' lang='lat' dir='ltr'>fuerat,</span> <span class='ocrx_word' id='word_1_24' title='bbox 651 569 730 604; x_wconf 86' lang='lat' dir='ltr'>aut</span> <span class='ocrx_word' id='word_1_25' title='bbox 752 571 812 604; x_wconf 87' lang='lat' dir='ltr'>eo</span> <span class='ocrx_word' id='word_1_26' title='bbox 827 572 933 605; x_wconf 91' lang='lat' dir='ltr'>non</span> <span class='ocrx_word' id='word_1_27' title='bbox 949 557 1100 627; x_wconf 86' lang='lat' dir='ltr'>agitur</span> <span class='ocrx_word' id='word_1_28' title='bbox 1123 555 1237 609; x_wconf 94' lang='lat' dir='ltr'>loco</span> <span class='ocrx_word' id='word_1_29' title='bbox 1252 585 1276 613; x_wconf 70' lang='grc'><strong><em>,</em></strong></span> <span class='ocrx_word' id='word_1_30' title='bbox 1287 577 1389 630; x_wconf 91' lang='lat' dir='ltr'>quo</span> <span class='ocrx_word' id='word_1_31' title='bbox 1403 560 1673 630; x_wconf 82' lang='lat' dir='ltr'>putabatur.</span> 
     </span>
     <span class='ocr_line' id='line_1_5' title="bbox 145 630 1670 705; baseline 0.005 -25"><span class='ocrx_word' id='word_1_32' title='bbox 145 631 343 703; x_wconf 77' lang='lat' dir='ltr'>Cogitat</span> <span class='ocrx_word' id='word_1_33' title='bbox 372 630 657 701; x_wconf 90' lang='lat' dir='ltr'>Respublica</span> <span class='ocrx_word' id='word_1_34' title='bbox 673 633 860 681; x_wconf 68' lang='lat' dir='ltr'>Veneta</span> <span class='ocrx_word' id='word_1_35' title='bbox 875 633 1152 686; x_wconf 85' lang='lat' dir='ltr'>Gradiscum</span> <span class='ocrx_word' id='word_1_36' title='bbox 1180 653 1440 705; x_wconf 81' lang='lat' dir='ltr'>occupare,</span> <span class='ocrx_word' id='word_1_37' title='bbox 1463 639 1512 687; x_wconf 76' lang='grc' dir='ltr'>ὅ(</span> <span class='ocrx_word' id='word_1_38' title='bbox 1541 638 1670 692; x_wconf 82' lang='lat' dir='ltr'>caus-</span> 
     </span>
     <span class='ocr_line' id='line_1_6' title="bbox 143 706 1672 781; baseline 0.005 -22"><span class='ocrx_word' id='word_1_39' title='bbox 143 706 245 760; x_wconf 85' lang='lat' dir='ltr'>sam</span> <span class='ocrx_word' id='word_1_40' title='bbox 264 707 506 778; x_wconf 78' lang='lat' dir='ltr'>praetendit</span> <span class='ocrx_word' id='word_1_41' title='bbox 525 706 889 759; x_wconf 83' lang='lat' dir='ltr'>Vsoccliorum</span> <span class='ocrx_word' id='word_1_42' title='bbox 872 752 886 771; x_wconf 89' lang='lat'>,</span> <span class='ocrx_word' id='word_1_43' title='bbox 901 710 982 781; x_wconf 90' lang='lat' dir='ltr'>qui</span> <span class='ocrx_word' id='word_1_44' title='bbox 998 711 1048 762; x_wconf 87' lang='lat' dir='ltr'>in</span> <span class='ocrx_word' id='word_1_45' title='bbox 1067 710 1259 764; x_wconf 85' lang='lat' dir='ltr'>Croatia</span> <span class='ocrx_word' id='word_1_46' title='bbox 1270 712 1409 768; x_wconf 76' lang='lat' dir='ltr'>sunt,-</span> <span class='ocrx_word' id='word_1_47' title='bbox 1438 713 1672 768; x_wconf 81' lang='lat' dir='ltr'>incursio·</span> 
     </span>
     <span class='ocr_line' id='line_1_7' title="bbox 144 784 1662 848; baseline 0.007 -13"><span class='ocrx_word' id='word_1_48' title='bbox 144 803 230 843; x_wconf 85' lang='lat' dir='ltr'>nes</span> <span class='ocrx_word' id='word_1_49' title='bbox 244 806 255 830; x_wconf 72' lang='grc' dir='ltr'><strong><em>ε</em></strong></span> <span class='ocrx_word' id='word_1_50' title='bbox 270 786 408 838; x_wconf 88' lang='lat' dir='ltr'>maris</span> <span class='ocrx_word' id='word_1_51' title='bbox 424 784 691 838; x_wconf 85' lang='lat' dir='ltr'>libertatern</span> <span class='ocrx_word' id='word_1_52' title='bbox 717 786 832 837; x_wconf 88' lang='lat' dir='ltr'>tueri</span> <span class='ocrx_word' id='word_1_53' title='bbox 846 786 890 837; x_wconf 88' lang='lat' dir='ltr'>se</span> <span class='ocrx_word' id='word_1_54' title='bbox 904 786 1025 841; x_wconf 86' lang='lat' dir='ltr'>velle</span> <span class='ocrx_word' id='word_1_55' title='bbox 1036 786 1250 845; x_wconf 55' lang='lat' dir='ltr'>simulam</span> <span class='ocrx_word' id='word_1_56' title='bbox 1280 789 1328 841; x_wconf 83' lang='lat'>6&lt;</span> <span class='ocrx_word' id='word_1_57' title='bbox 1347 789 1459 843; x_wconf 66' lang='lat' dir='ltr'>terrai</span> <span class='ocrx_word' id='word_1_58' title='bbox 1474 791 1662 848; x_wconf 86' lang='lat' dir='ltr'>bellum</span> 
     </span>
     <span class='ocr_line' id='line_1_8' title="bbox 145 862 346 933; baseline 0.005 -19"><span class='ocrx_word' id='word_1_59' title='bbox 145 862 346 933; x_wconf 85' lang='lat' dir='ltr'>suscipit.</span> 
     </span>
    </p>

    <p class='ocr_par' dir='ltr' id='par_1_3' title="bbox 133 936 1705 1713">
     <span class='ocr_line' id='line_1_9' title="bbox 252 936 1665 1014; baseline 0.005 -21"><span class='ocrx_word' id='word_1_60' title='bbox 252 937 586 1012; x_wconf 61' lang='lat' dir='ltr'>Saepenumero</span> <span class='ocrx_word' id='word_1_61' title='bbox 612 939 800 1010; x_wconf 84' lang='lat' dir='ltr'>majoris</span> <span class='ocrx_word' id='word_1_62' title='bbox 814 939 974 1014; x_wconf 82' lang='lat' dir='ltr'>gloriae</span> <span class='ocrx_word' id='word_1_63' title='bbox 989 942 1159 996; x_wconf 81' lang='lat' dir='ltr'>divinae</span> <span class='ocrx_word' id='word_1_64' title='bbox 1187 936 1494 1014; x_wconf 79' lang='lat' dir='ltr'>procurandae</span> <span class='ocrx_word' id='word_1_65' title='bbox 1522 946 1665 1001; x_wconf 87' lang='lat' dir='ltr'>titulo</span> 
     </span>
     <span class='ocr_line' id='line_1_10' title="bbox 142 1016 1664 1095; baseline 0.005 -25"><span class='ocrx_word' id='word_1_66' title='bbox 142 1017 398 1070; x_wconf 87' lang='lat' dir='ltr'>sumuntur</span> <span class='ocrx_word' id='word_1_67' title='bbox 414 1036 571 1081; x_wconf 88' lang='lat' dir='ltr'>arma,</span> <span class='ocrx_word' id='word_1_68' title='bbox 600 1019 646 1069; x_wconf 81' lang='lat'>6&lt;</span> <span class='ocrx_word' id='word_1_69' title='bbox 665 1016 821 1068; x_wconf 88' lang='lat' dir='ltr'>eidem</span> <span class='ocrx_word' id='word_1_70' title='bbox 846 1017 1272 1091; x_wconf 87' lang='lat' dir='ltr'>officiuntpotius:</span> <span class='ocrx_word' id='word_1_71' title='bbox 1300 1023 1664 1095; x_wconf 86' lang='lat' dir='ltr'>interdumspe—</span> 
     </span>
     <span class='ocr_line' id='line_1_11' title="bbox 143 1063 1664 1174; baseline 0.005 -26"><span class='ocrx_word' id='word_1_72' title='bbox 143 1098 213 1148; x_wconf 91' lang='lat' dir='ltr'>cie</span> <span class='ocrx_word' id='word_1_73' title='bbox 238 1096 529 1161; x_wconf 76' lang='lat' dir='ltr'>Relioionis,</span> <span class='ocrx_word' id='word_1_74' title='bbox 554 1063 824 1148; x_wconf 78' lang='lat' dir='ltr'>6ceandem</span> <span class='ocrx_word' id='word_1_75' title='bbox 852 1100 1045 1159; x_wconf 86' lang='lat' dir='ltr'>oraviter</span> <span class='ocrx_word' id='word_1_76' title='bbox 1070 1098 1275 1151; x_wconf 83' lang='lat' dir='ltr'>laedunt:</span> <span class='ocrx_word' id='word_1_77' title='bbox 1305 1102 1549 1154; x_wconf 86' lang='lat' dir='ltr'>interdurn</span> <span class='ocrx_word' id='word_1_78' title='bbox 1576 1121 1664 1174; x_wconf 90' lang='lat' dir='ltr'>pro</span> 
     </span>
     <span class='ocr_line' id='line_1_12' title="bbox 140 1140 1663 1262; baseline 0.005 -36"><span class='ocrx_word' id='word_1_79' title='bbox 140 1140 480 1245; x_wconf 81' lang='lat' dir='ltr'>tranquillitate</span> <span class='ocrx_word' id='word_1_80' title='bbox 496 1171 717 1244; x_wconf 62' lang='lat' dir='ltr'>publica,</span> <span class='ocrx_word' id='word_1_81' title='bbox 751 1175 801 1224; x_wconf 88' lang='lat'>6&lt;</span> <span class='ocrx_word' id='word_1_82' title='bbox 832 1194 937 1227; x_wconf 88' lang='lat' dir='ltr'>earn</span> <span class='ocrx_word' id='word_1_83' title='bbox 957 1177 1260 1262; x_wconf 78' lang='lat' dir='ltr'>perturbant:</span> <span class='ocrx_word' id='word_1_84' title='bbox 1299 1179 1544 1232; x_wconf 87' lang='lat' dir='ltr'>interdurn</span> <span class='ocrx_word' id='word_1_85' title='bbox 1576 1199 1663 1250; x_wconf 89' lang='lat' dir='ltr'>pro</span> 
     </span>
     <span class='ocr_line' id='line_1_13' title="bbox 137 1251 1664 1328; baseline 0.003 -22"><span class='ocrx_word' id='word_1_86' title='bbox 137 1252 441 1306; x_wconf 87' lang='lat' dir='ltr'>subditorum</span> <span class='ocrx_word' id='word_1_87' title='bbox 458 1251 700 1315; x_wconf 84' lang='lat' dir='ltr'>libertate,</span> <span class='ocrx_word' id='word_1_88' title='bbox 718 1254 776 1303; x_wconf 99' lang='lat'>6&lt;</span> <span class='ocrx_word' id='word_1_89' title='bbox 795 1272 876 1305; x_wconf 89' lang='lat' dir='ltr'>cos</span> <span class='ocrx_word' id='word_1_90' title='bbox 891 1256 1200 1325; x_wconf 87' lang='lat' dir='ltr'>opprimunt·</span> <span class='ocrx_word' id='word_1_91' title='bbox 1219 1256 1463 1308; x_wconf 88' lang='lat' dir='ltr'>interdurn</span> <span class='ocrx_word' id='word_1_92' title='bbox 1477 1273 1562 1328; x_wconf 90' lang='lat' dir='ltr'>pro</span> <span class='ocrx_word' id='word_1_93' title='bbox 1577 1275 1664 1310; x_wconf 90' lang='lat' dir='ltr'>eo-</span> 
     </span>
     <span class='ocr_line' id='line_1_14' title="bbox 138 1328 1665 1405; baseline 0.003 -21"><span class='ocrx_word' id='word_1_94' title='bbox 138 1330 344 1384; x_wconf 86' lang='lat' dir='ltr'>rundem</span> <span class='ocrx_word' id='word_1_95' title='bbox 370 1330 569 1383; x_wconf 80' lang='lat' dir='ltr'>tutela&amp;</span> <span class='ocrx_word' id='word_1_96' title='bbox 586 1328 862 1383; x_wconf 81' lang='lat' dir='ltr'>defensione</span> <span class='ocrx_word' id='word_1_97' title='bbox 881 1375 893 1393; x_wconf 90' lang='lat'>,</span> <span class='ocrx_word' id='word_1_98' title='bbox 921 1332 971 1383; x_wconf 89' lang='lat' dir='ltr'>iri</span> <span class='ocrx_word' id='word_1_99' title='bbox 991 1331 1169 1404; x_wconf 78' lang='lat' dir='ltr'>eosque</span> <span class='ocrx_word' id='word_1_100' title='bbox 1197 1333 1506 1405; x_wconf 82' lang='lat' dir='ltr'>tyrannidem</span> <span class='ocrx_word' id='word_1_101' title='bbox 1537 1352 1665 1387; x_wconf 81' lang='lat' dir='ltr'>exer-</span> 
     </span>
     <span class='ocr_line' id='line_1_15' title="bbox 139 1406 1662 1480; baseline 0.002 -18"><span class='ocrx_word' id='word_1_102' title='bbox 139 1424 252 1462; x_wconf 90' lang='lat' dir='ltr'>cent</span> <span class='ocrx_word' id='word_1_103' title='bbox 269 1406 536 1460; x_wconf 89' lang='lat' dir='ltr'>:interdum</span> <span class='ocrx_word' id='word_1_104' title='bbox 551 1425 636 1479; x_wconf 90' lang='lat' dir='ltr'>pro</span> <span class='ocrx_word' id='word_1_105' title='bbox 651 1406 768 1460; x_wconf 80' lang='lat' dir='ltr'>statu</span> <span class='ocrx_word' id='word_1_106' title='bbox 783 1410 973 1480; x_wconf 88' lang='lat' dir='ltr'>proprio</span> <span class='ocrx_word' id='word_1_107' title='bbox 989 1409 1321 1464; x_wconf 85' lang='lat' dir='ltr'>conservando</span> <span class='ocrx_word' id='word_1_108' title='bbox 1338 1451 1351 1475; x_wconf 86' lang='lat'>,</span> <span class='ocrx_word' id='word_1_109' title='bbox 1377 1414 1427 1463; x_wconf 89' lang='lat'>6&lt;</span> <span class='ocrx_word' id='word_1_110' title='bbox 1444 1412 1662 1465; x_wconf 87' lang='lat' dir='ltr'>alienum</span> 
     </span>
     <span class='ocr_line' id='line_1_16' title="bbox 137 1486 1661 1560; baseline 0.001 -20"><span class='ocrx_word' id='word_1_111' title='bbox 137 1505 370 1556; x_wconf 83' lang='lat' dir='ltr'>occupare</span> <span class='ocrx_word' id='word_1_112' title='bbox 384 1486 619 1560; x_wconf 85' lang='lat' dir='ltr'>satagunt.</span> <span class='ocrx_word' id='word_1_113' title='bbox 649 1487 956 1538; x_wconf 85' lang='lat' dir='ltr'>OHomines</span> <span class='ocrx_word' id='word_1_114' title='bbox 976 1531 987 1550; x_wconf 90' lang='lat'>‚</span> <span class='ocrx_word' id='word_1_115' title='bbox 1010 1486 1042 1539; x_wconf 80' lang='grc' dir='ltr'>ὁ</span> <span class='ocrx_word' id='word_1_116' title='bbox 1061 1487 1258 1558; x_wconf 89' lang='lat' dir='ltr'>Populi,</span> <span class='ocrx_word' id='word_1_117' title='bbox 1284 1488 1318 1541; x_wconf 81' lang='grc' dir='ltr'>ὁ</span> <span class='ocrx_word' id='word_1_118' title='bbox 1334 1489 1431 1541; x_wconf 89' lang='lat' dir='ltr'>Res</span> <span class='ocrx_word' id='word_1_119' title='bbox 1428 1490 1629 1560; x_wconf 87' lang='lat' dir='ltr'>publicae</span> <span class='ocrx_word' id='word_1_120' title='bbox 1647 1531 1661 1552; x_wconf 87' lang='lat'>‚</span> 
     </span>
     <span class='ocr_line' id='line_1_17' title="bbox 136 1563 1705 1638; baseline 0.001 -21"><span class='ocrx_word' id='word_1_121' title='bbox 136 1563 170 1617; x_wconf 86' lang='grc' dir='ltr'>ὂ</span> <span class='ocrx_word' id='word_1_122' title='bbox 183 1567 346 1638; x_wconf 83' lang='lat' dir='ltr'>Regna</span> <span class='ocrx_word' id='word_1_123' title='bbox 368 1567 605 1635; x_wconf 83' lang='lat' dir='ltr'>lquorum</span> <span class='ocrx_word' id='word_1_124' title='bbox 625 1564 942 1636; x_wconf 86' lang='lat' dir='ltr'>tranquillitas</span> <span class='ocrx_word' id='word_1_125' title='bbox 954 1566 1003 1614; x_wconf 82' lang='lat'>6&lt;</span> <span class='ocrx_word' id='word_1_126' title='bbox 1015 1565 1213 1619; x_wconf 84' lang='lat' dir='ltr'>felicitas</span> <span class='ocrx_word' id='word_1_127' title='bbox 1227 1584 1281 1617; x_wconf 83' lang='lat' dir='ltr'>ex</span> <span class='ocrx_word' id='word_1_128' title='bbox 1294 1567 1565 1621; x_wconf 85' lang='lat' dir='ltr'>ambitione</span> <span class='ocrx_word' id='word_1_129' title='bbox 1576 1603 1593 1624; x_wconf 88' lang='lat'>‚</span> <span class='ocrx_word' id='word_1_130' title='bbox 1609 1569 1660 1619; x_wconf 71' lang='grc' dir='ltr'>δε</span> <span class='ocrx_word' id='word_1_131' title='bbox 1699 1622 1705 1631; x_wconf 61' lang='lat'>,</span> 
     </span>
     <span class='ocr_line' id='line_1_18' title="bbox 133 1641 1148 1713; baseline 0 -18"><span class='ocrx_word' id='word_1_132' title='bbox 133 1642 387 1713; x_wconf 88' lang='lat' dir='ltr'>repentino</span> <span class='ocrx_word' id='word_1_133' title='bbox 404 1658 667 1711; x_wconf 88' lang='lat' dir='ltr'>paucorum</span> <span class='ocrx_word' id='word_1_134' title='bbox 682 1643 867 1711; x_wconf 89' lang='lat' dir='ltr'>impetu</span> <span class='ocrx_word' id='word_1_135' title='bbox 883 1641 1148 1713; x_wconf 83' lang='lat' dir='ltr'>dependet!</span> 
     </span>
    </p>

    <p class='ocr_par' dir='ltr' id='par_1_4' title="bbox 133 1716 1671 2704">
     <span class='ocr_line' id='line_1_19' title="bbox 245 1716 1661 1794; baseline 0.004 -25"><span class='ocrx_word' id='word_1_136' title='bbox 245 1723 298 1777; x_wconf 56' lang='grc' dir='ltr'>,οἳ</span> <span class='ocrx_word' id='word_1_137' title='bbox 323 1717 550 1784; x_wconf 83' lang='lat' dir='ltr'>Qando</span> <span class='ocrx_word' id='word_1_138' title='bbox 565 1716 682 1769; x_wconf 87' lang='lat' dir='ltr'>fines</span> <span class='ocrx_word' id='word_1_139' title='bbox 709 1720 962 1772; x_wconf 68' lang='lat' dir='ltr'>afflonuni</span> <span class='ocrx_word' id='word_1_140' title='bbox 979 1720 1167 1773; x_wconf 89' lang='lat' dir='ltr'>honesti</span> <span class='ocrx_word' id='word_1_141' title='bbox 1196 1718 1396 1794; x_wconf 88' lang='lat' dir='ltr'>quidem</span> <span class='ocrx_word' id='word_1_142' title='bbox 1414 1722 1556 1781; x_wconf 82' lang='lat' dir='ltr'>sunt,</span> <span class='ocrx_word' id='word_1_143' title='bbox 1585 1723 1661 1775; x_wconf 89' lang='lat' dir='ltr'>in-</span> 
     </span>
     <span class='ocr_line' id='line_1_20' title="bbox 134 1795 1662 1870; baseline 0.002 -20"><span class='ocrx_word' id='word_1_144' title='bbox 134 1811 316 1851; x_wconf 84' lang='lat' dir='ltr'>certum</span> <span class='ocrx_word' id='word_1_145' title='bbox 336 1811 517 1857; x_wconf 81' lang='lat' dir='ltr'>tamen,</span> <span class='ocrx_word' id='word_1_146' title='bbox 534 1811 595 1845; x_wconf 88' lang='lat' dir='ltr'>an</span> <span class='ocrx_word' id='word_1_147' title='bbox 613 1812 697 1846; x_wconf 87' lang='lat' dir='ltr'>eos</span> <span class='ocrx_word' id='word_1_148' title='bbox 708 1795 842 1867; x_wconf 67' lang='lat' dir='ltr'>aeque*</span> <span class='ocrx_word' id='word_1_149' title='bbox 855 1796 904 1846; x_wconf 88' lang='lat' dir='ltr'>in</span> <span class='ocrx_word' id='word_1_150' title='bbox 920 1797 1171 1848; x_wconf 85' lang='lat' dir='ltr'>meliorem</span> <span class='ocrx_word' id='word_1_151' title='bbox 1186 1814 1367 1867; x_wconf 83' lang='lat' dir='ltr'>partem</span> <span class='ocrx_word' id='word_1_152' title='bbox 1386 1798 1662 1870; x_wconf 80' lang='lat' dir='ltr'>interpreta-</span> 
     </span>
     <span class='ocr_line' id='line_1_21' title="bbox 135 1871 1661 1944; baseline 0.001 -17"><span class='ocrx_word' id='word_1_153' title='bbox 135 1876 225 1927; x_wconf 86' lang='lat' dir='ltr'>turi</span> <span class='ocrx_word' id='word_1_154' title='bbox 240 1871 330 1925; x_wconf 87' lang='lat' dir='ltr'>fint</span> <span class='ocrx_word' id='word_1_155' title='bbox 348 1872 450 1934; x_wconf 77' lang='lat' dir='ltr'>alii5</span> <span class='ocrx_word' id='word_1_156' title='bbox 479 1888 559 1923; x_wconf 86' lang='lat' dir='ltr'>aut</span> <span class='ocrx_word' id='word_1_157' title='bbox 573 1872 775 1944; x_wconf 89' lang='lat' dir='ltr'>quando</span> <span class='ocrx_word' id='word_1_158' title='bbox 790 1872 1057 1943; x_wconf 89' lang='lat' dir='ltr'>periculum</span> <span class='ocrx_word' id='word_1_159' title='bbox 1072 1872 1136 1923; x_wconf 88' lang='lat' dir='ltr'>est</span> <span class='ocrx_word' id='word_1_160' title='bbox 1154 1919 1166 1938; x_wconf 90' lang='lat'>,</span> <span class='ocrx_word' id='word_1_161' title='bbox 1197 1892 1259 1926; x_wconf 90' lang='lat' dir='ltr'>ne</span> <span class='ocrx_word' id='word_1_162' title='bbox 1273 1872 1305 1925; x_wconf 88' lang='lat' dir='ltr'><strong>fi</strong></span> <span class='ocrx_word' id='word_1_163' title='bbox 1318 1875 1630 1928; x_wconf 87' lang='lat' dir='ltr'>innotescant</span> <span class='ocrx_word' id='word_1_164' title='bbox 1646 1912 1661 1942; x_wconf 47' lang='grc' dir='ltr'>,ι</span> 
     </span>
     <span class='ocr_line' id='line_1_22' title="bbox 133 1949 1671 2024; baseline 0.001 -19"><span class='ocrx_word' id='word_1_165' title='bbox 133 1952 342 2005; x_wconf 87' lang='lat' dir='ltr'>obtineri</span> <span class='ocrx_word' id='word_1_166' title='bbox 387 1968 659 2021; x_wconf 78' lang='lat' dir='ltr'>nequeant,</span> <span class='ocrx_word' id='word_1_167' title='bbox 685 1949 846 2002; x_wconf 87' lang='lat' dir='ltr'>licebit</span> <span class='ocrx_word' id='word_1_168' title='bbox 887 1969 969 2002; x_wconf 90' lang='lat' dir='ltr'>eos</span> <span class='ocrx_word' id='word_1_169' title='bbox 996 1949 1049 2003; x_wconf 70' lang='lat' dir='ltr'>ea</span> <span class='ocrx_word' id='word_1_170' title='bbox 1072 1952 1257 2003; x_wconf 87' lang='lat' dir='ltr'>ratione</span> <span class='ocrx_word' id='word_1_171' title='bbox 1294 1950 1581 2024; x_wconf 74' lang='lat' dir='ltr'>disponere,</span> <span class='ocrx_word' id='word_1_172' title='bbox 1607 1970 1671 2006; x_wconf 89' lang='lat' dir='ltr'>ut·</span> 
     </span>
     <span class='ocr_line' id='line_1_23' title="bbox 135 2027 1661 2098; baseline 0 -15"><span class='ocrx_word' id='word_1_173' title='bbox 135 2029 349 2083; x_wconf 68' lang='lat' dir='ltr'>affirmes</span> <span class='ocrx_word' id='word_1_174' title='bbox 366 2028 532 2079; x_wconf 87' lang='lat' dir='ltr'>nostrae</span> <span class='ocrx_word' id='word_1_175' title='bbox 544 2027 775 2081; x_wconf 83' lang='lat' dir='ltr'>diversam</span> <span class='ocrx_word' id='word_1_176' title='bbox 789 2027 921 2098; x_wconf 80' lang='lat' dir='ltr'>quali</span> <span class='ocrx_word' id='word_1_177' title='bbox 944 2027 1149 2096; x_wconf 87' lang='lat' dir='ltr'>speciem</span> <span class='ocrx_word' id='word_1_178' title='bbox 1170 2028 1343 2080; x_wconf 89' lang='lat' dir='ltr'>mundi</span> <span class='ocrx_word' id='word_1_179' title='bbox 1363 2029 1516 2082; x_wconf 87' lang='lat' dir='ltr'>oculis</span> <span class='ocrx_word' id='word_1_180' title='bbox 1533 2030 1661 2084; x_wconf 83' lang='lat' dir='ltr'>cxlii-</span> 
     </span>
     <span class='ocr_line' id='line_1_24' title="bbox 136 2103 1660 2175; baseline 0 -15"><span class='ocrx_word' id='word_1_181' title='bbox 136 2106 284 2160; x_wconf 87' lang='lat' dir='ltr'>beant</span> <span class='ocrx_word' id='word_1_182' title='bbox 302 2148 308 2164; x_wconf 80' lang='lat'><strong><em>‚</em></strong></span> <span class='ocrx_word' id='word_1_183' title='bbox 327 2108 371 2155; x_wconf 70' lang='grc' dir='ltr'>ἃ</span> <span class='ocrx_word' id='word_1_184' title='bbox 391 2120 617 2174; x_wconf 89' lang='lat' dir='ltr'>putentur</span> <span class='ocrx_word' id='word_1_185' title='bbox 631 2123 685 2156; x_wconf 89' lang='lat' dir='ltr'>ex</span> <span class='ocrx_word' id='word_1_186' title='bbox 699 2105 798 2155; x_wconf 78' lang='lat' dir='ltr'>aliis</span> <span class='ocrx_word' id='word_1_187' title='bbox 812 2103 1021 2156; x_wconf 87' lang='lat' dir='ltr'>honestis</span> <span class='ocrx_word' id='word_1_188' title='bbox 1037 2103 1193 2156; x_wconf 83' lang='lat' dir='ltr'>cauffis</span> <span class='ocrx_word' id='word_1_189' title='bbox 1205 2104 1456 2175; x_wconf 83' lang='lat' dir='ltr'>proficisci.</span> <span class='ocrx_word' id='word_1_190' title='bbox 1486 2106 1660 2172; x_wconf 73' lang='lat' dir='ltr'>Quain</span> 
     </span>
     <span class='ocr_line' id='line_1_25' title="bbox 135 2180 1660 2256; baseline -0.001 -18"><span class='ocrx_word' id='word_1_191' title='bbox 135 2203 182 2238; x_wconf 88' lang='lat' dir='ltr'>re</span> <span class='ocrx_word' id='word_1_192' title='bbox 198 2182 330 2235; x_wconf 83' lang='lat' dir='ltr'>nulla</span> <span class='ocrx_word' id='word_1_193' title='bbox 345 2184 465 2234; x_wconf 84' lang='lat' dir='ltr'>fraus</span> <span class='ocrx_word' id='word_1_194' title='bbox 484 2180 542 2233; x_wconf 85' lang='lat' dir='ltr'>ab</span> <span class='ocrx_word' id='word_1_195' title='bbox 556 2200 616 2233; x_wconf 87' lang='lat' dir='ltr'>eo</span> <span class='ocrx_word' id='word_1_196' title='bbox 632 2180 954 2234; x_wconf 87' lang='lat' dir='ltr'>committitur</span> <span class='ocrx_word' id='word_1_197' title='bbox 967 2226 978 2245; x_wconf 90' lang='lat'>‚</span> <span class='ocrx_word' id='word_1_198' title='bbox 994 2182 1076 2252; x_wconf 89' lang='lat' dir='ltr'>qui</span> <span class='ocrx_word' id='word_1_199' title='bbox 1093 2180 1154 2233; x_wconf 87' lang='lat' dir='ltr'>sic</span> <span class='ocrx_word' id='word_1_200' title='bbox 1171 2183 1294 2256; x_wconf 81' lang='lat' dir='ltr'>agit:</span> <span class='ocrx_word' id='word_1_201' title='bbox 1320 2182 1445 2234; x_wconf 71' lang='lat' dir='ltr'>recte</span> <span class='ocrx_word' id='word_1_202' title='bbox 1460 2186 1594 2239; x_wconf 88' lang='lat' dir='ltr'>enim</span> <span class='ocrx_word' id='word_1_203' title='bbox 1609 2184 1660 2236; x_wconf 92' lang='lat' dir='ltr'>id</span> 
     </span>
     <span class='ocr_line' id='line_1_26' title="bbox 133 2257 1660 2331; baseline 0.001 -18"><span class='ocrx_word' id='word_1_204' title='bbox 133 2262 246 2316; x_wconf 73' lang='lat' dir='ltr'>facit</span> <span class='ocrx_word' id='word_1_205' title='bbox 259 2257 322 2312; x_wconf 61' lang='lat' dir='ltr'>&#39;ac</span> <span class='ocrx_word' id='word_1_206' title='bbox 338 2258 462 2311; x_wconf 75' lang='lat' dir='ltr'>licite</span> <span class='ocrx_word' id='word_1_207' title='bbox 478 2287 494 2316; x_wconf 83' lang='lat'>,-</span> <span class='ocrx_word' id='word_1_208' title='bbox 526 2258 604 2311; x_wconf 87' lang='lat' dir='ltr'>sed</span> <span class='ocrx_word' id='word_1_209' title='bbox 620 2258 806 2310; x_wconf 82' lang='lat' dir='ltr'>malitiae</span> <span class='ocrx_word' id='word_1_210' title='bbox 824 2257 982 2310; x_wconf 78' lang='lat' dir='ltr'>solum</span> <span class='ocrx_word' id='word_1_211' title='bbox 1009 2257 1318 2312; x_wconf 84' lang='lat' dir='ltr'>fimulacrum</span> <span class='ocrx_word' id='word_1_212' title='bbox 1334 2258 1531 2331; x_wconf 85' lang='lat' dir='ltr'>aliquod</span> <span class='ocrx_word' id='word_1_213' title='bbox 1547 2279 1660 2314; x_wconf 83' lang='lat' dir='ltr'>ante</span> 
     </span>
     <span class='ocr_line' id='line_1_27' title="bbox 134 2334 1660 2408; baseline 0 -16"><span class='ocrx_word' id='word_1_214' title='bbox 134 2337 307 2392; x_wconf 87' lang='lat' dir='ltr'>oculos</span> <span class='ocrx_word' id='word_1_215' title='bbox 330 2337 492 2406; x_wconf 75' lang='lat' dir='ltr'>objicit</span> <span class='ocrx_word' id='word_1_216' title='bbox 506 2363 521 2393; x_wconf 87' lang='grc'>,-</span> <span class='ocrx_word' id='word_1_217' title='bbox 551 2355 651 2408; x_wconf 89' lang='lat' dir='ltr'>quo</span> <span class='ocrx_word' id='word_1_218' title='bbox 667 2335 758 2387; x_wconf 86' lang='lat' dir='ltr'>sese</span> <span class='ocrx_word' id='word_1_219' title='bbox 780 2337 876 2406; x_wconf 83' lang='lat' dir='ltr'>ipsa</span> <span class='ocrx_word' id='word_1_220' title='bbox 893 2334 1095 2407; x_wconf 79' lang='lat' dir='ltr'>decipiat</span> <span class='ocrx_word' id='word_1_221' title='bbox 1112 2379 1125 2400; x_wconf 92' lang='lat'>,</span> <span class='ocrx_word' id='word_1_222' title='bbox 1152 2352 1204 2387; x_wconf 92' lang='lat' dir='ltr'>ut</span> <span class='ocrx_word' id='word_1_223' title='bbox 1224 2355 1286 2388; x_wconf 85' lang='lat' dir='ltr'>ne</span> <span class='ocrx_word' id='word_1_224' title='bbox 1309 2337 1435 2406; x_wconf 87' lang='lat' dir='ltr'>justis</span> <span class='ocrx_word' id='word_1_225' title='bbox 1451 2337 1660 2392; x_wconf 84' lang='lat' dir='ltr'>consiliis</span> 
     </span>
     <span class='ocr_line' id='line_1_28' title="bbox 135 2411 1653 2487; baseline -0.001 -18"><span class='ocrx_word' id='word_1_226' title='bbox 135 2416 358 2487; x_wconf 87' lang='lat' dir='ltr'>Principis</span> <span class='ocrx_word' id='word_1_227' title='bbox 374 2413 578 2467; x_wconf 84' lang='lat' dir='ltr'>obsistat.</span> <span class='ocrx_word' id='word_1_228' title='bbox 606 2415 779 2486; x_wconf 87' lang='lat' dir='ltr'>Neque</span> <span class='ocrx_word' id='word_1_229' title='bbox 792 2411 902 2467; x_wconf 79' lang='lat' dir='ltr'>vero</span> <span class='ocrx_word' id='word_1_230' title='bbox 917 2413 1014 2465; x_wconf 87' lang='lat' dir='ltr'>ulla</span> <span class='ocrx_word' id='word_1_231' title='bbox 1029 2415 1160 2486; x_wconf 84' lang='lat' dir='ltr'>cogit</span> <span class='ocrx_word' id='word_1_232' title='bbox 1179 2413 1346 2466; x_wconf 79' lang='lat' dir='ltr'>necess</span> <span class='ocrx_word' id='word_1_233' title='bbox 1332 2431 1446 2480; x_wconf 88' lang='lat' dir='ltr'>tas</span> <span class='ocrx_word' id='word_1_234' title='bbox 1474 2431 1526 2468; x_wconf 91' lang='lat' dir='ltr'>ut</span> <span class='ocrx_word' id='word_1_235' title='bbox 1544 2416 1653 2469; x_wconf 93' lang='lat' dir='ltr'>sco-</span> 
     </span>
     <span class='ocr_line' id='line_1_29' title="bbox 133 2490 1655 2566; baseline 0.001 -21"><span class='ocrx_word' id='word_1_236' title='bbox 133 2508 287 2566; x_wconf 87' lang='lat' dir='ltr'>pum,</span> <span class='ocrx_word' id='word_1_237' title='bbox 327 2491 429 2565; x_wconf 80' lang='lat' dir='ltr'>quo</span> <span class='ocrx_word' id='word_1_238' title='bbox 453 2491 685 2553; x_wconf 81' lang='lat' dir='ltr'>intendit,</span> <span class='ocrx_word' id='word_1_239' title='bbox 715 2492 885 2561; x_wconf 86' lang='lat' dir='ltr'>aperiat</span> <span class='ocrx_word' id='word_1_240' title='bbox 902 2490 1001 2542; x_wconf 89' lang='lat' dir='ltr'>aliis</span> <span class='ocrx_word' id='word_1_241' title='bbox 1020 2490 1209 2554; x_wconf 78' lang='lat' dir='ltr'>,immo</span> <span class='ocrx_word' id='word_1_242' title='bbox 1223 2492 1450 2565; x_wconf 85' lang='lat' dir='ltr'>attingere</span> <span class='ocrx_word' id='word_1_243' title='bbox 1473 2510 1655 2546; x_wconf 89' lang='lat' dir='ltr'>metam</span> 
     </span>
     <span class='ocr_line' id='line_1_30' title="bbox 135 2566 1653 2641; baseline 0 -17"><span class='ocrx_word' id='word_1_244' title='bbox 135 2588 310 2624; x_wconf 85' lang='lat' dir='ltr'>certam</span> <span class='ocrx_word' id='word_1_245' title='bbox 330 2589 434 2621; x_wconf 91' lang='lat' dir='ltr'>non</span> <span class='ocrx_word' id='word_1_246' title='bbox 464 2572 637 2641; x_wconf 77' lang='lat' dir='ltr'>pollet,</span> <span class='ocrx_word' id='word_1_247' title='bbox 663 2567 748 2621; x_wconf 83' lang='lat' dir='ltr'>nisi</span> <span class='ocrx_word' id='word_1_248' title='bbox 766 2566 941 2622; x_wconf 86' lang='lat' dir='ltr'>eodem</span> <span class='ocrx_word' id='word_1_249' title='bbox 960 2584 1177 2640; x_wconf 83' lang='lat' dir='ltr'>tempore</span> <span class='ocrx_word' id='word_1_250' title='bbox 1201 2570 1254 2620; x_wconf 88' lang='lat' dir='ltr'>in</span> <span class='ocrx_word' id='word_1_251' title='bbox 1273 2568 1382 2622; x_wconf 81' lang='lat' dir='ltr'>alias</span> <span class='ocrx_word' id='word_1_252' title='bbox 1397 2568 1653 2624; x_wconf 83' lang='lat' dir='ltr'>collineare</span> 
     </span>
     <span class='ocr_line' id='line_1_31' title="bbox 136 2647 381 2704; baseline -0.013 0"><span class='ocrx_word' id='word_1_253' title='bbox 136 2647 381 2704; x_wconf 86' lang='lat' dir='ltr'>videretur.</span> 
     </span>
    </p>

    <p class='ocr_par' dir='ltr' id='par_1_5' title="bbox 131 2722 1658 3191">
     <span class='ocr_line' id='line_1_32' title="bbox 244 2722 1654 2796; baseline 0.001 -20"><span class='ocrx_word' id='word_1_254' title='bbox 244 2742 281 2794; x_wconf 62' lang='grc' dir='ltr'>ς.</span> <span class='ocrx_word' id='word_1_255' title='bbox 306 2729 411 2777; x_wconf 81' lang='lat' dir='ltr'>Nee</span> <span class='ocrx_word' id='word_1_256' title='bbox 423 2723 586 2777; x_wconf 77' lang='lat' dir='ltr'>minus</span> <span class='ocrx_word' id='word_1_257' title='bbox 600 2725 650 2777; x_wconf 91' lang='lat' dir='ltr'>in</span> <span class='ocrx_word' id='word_1_258' title='bbox 672 2722 1034 2795; x_wconf 85' lang='lat' dir='ltr'>Rebuspublicis</span> <span class='ocrx_word' id='word_1_259' title='bbox 1052 2722 1313 2795; x_wconf 83' lang='lat' dir='ltr'>periculosa</span> <span class='ocrx_word' id='word_1_260' title='bbox 1329 2723 1394 2777; x_wconf 83' lang='lat' dir='ltr'>est</span> <span class='ocrx_word' id='word_1_261' title='bbox 1409 2723 1581 2796; x_wconf 87' lang='lat' dir='ltr'>species</span> <span class='ocrx_word' id='word_1_262' title='bbox 1595 2723 1654 2778; x_wconf 87' lang='lat' dir='ltr'>fi-</span> 
     </span>
     <span class='ocr_line' id='line_1_33' title="bbox 132 2800 1656 2876; baseline -0.001 -18"><span class='ocrx_word' id='word_1_263' title='bbox 132 2807 209 2858; x_wconf 74' lang='lat' dir='ltr'>eta</span> <span class='ocrx_word' id='word_1_264' title='bbox 224 2802 468 2876; x_wconf 83' lang='lat' dir='ltr'>eujuldam</span> <span class='ocrx_word' id='word_1_265' title='bbox 482 2803 588 2865; x_wconf 81' lang='lat' dir='ltr'>zeli,</span> <span class='ocrx_word' id='word_1_266' title='bbox 602 2820 705 2876; x_wconf 90' lang='lat' dir='ltr'>quo</span> <span class='ocrx_word' id='word_1_267' title='bbox 718 2800 943 2855; x_wconf 78' lang='lat' dir='ltr'>simulant</span> <span class='ocrx_word' id='word_1_268' title='bbox 960 2802 1211 2867; x_wconf 87' lang='lat' dir='ltr'>nonnulli,</span> <span class='ocrx_word' id='word_1_269' title='bbox 1225 2803 1272 2854; x_wconf 89' lang='lat' dir='ltr'>se</span> <span class='ocrx_word' id='word_1_270' title='bbox 1287 2802 1480 2855; x_wconf 87' lang='lat' dir='ltr'>bonum</span> <span class='ocrx_word' id='word_1_271' title='bbox 1497 2802 1656 2875; x_wconf 90' lang='lat' dir='ltr'>publi·</span> 
     </span>
     <span class='ocr_line' id='line_1_34' title="bbox 135 2878 1648 2952; baseline -0.002 -16"><span class='ocrx_word' id='word_1_272' title='bbox 135 2900 251 2936; x_wconf 89' lang='lat' dir='ltr'>cum</span> <span class='ocrx_word' id='word_1_273' title='bbox 276 2900 362 2952; x_wconf 79' lang='lat' dir='ltr'>proe</span> <span class='ocrx_word' id='word_1_274' title='bbox 377 2882 530 2934; x_wconf 89' lang='lat' dir='ltr'>oculis</span> <span class='ocrx_word' id='word_1_275' title='bbox 549 2880 716 2933; x_wconf 87' lang='lat' dir='ltr'>habere</span> <span class='ocrx_word' id='word_1_276' title='bbox 735 2926 746 2945; x_wconf 89' lang='lat'>‚</span> <span class='ocrx_word' id='word_1_277' title='bbox 771 2881 818 2930; x_wconf 84' lang='lat'>6&lt;</span> <span class='ocrx_word' id='word_1_278' title='bbox 846 2897 952 2931; x_wconf 89' lang='lat' dir='ltr'>non</span> <span class='ocrx_word' id='word_1_279' title='bbox 971 2878 1055 2931; x_wconf 89' lang='lat' dir='ltr'>nisi</span> <span class='ocrx_word' id='word_1_280' title='bbox 1081 2881 1319 2951; x_wconf 84' lang='lat' dir='ltr'>privatum</span> <span class='ocrx_word' id='word_1_281' title='bbox 1334 2898 1389 2933; x_wconf 87' lang='lat' dir='ltr'>ac</span> <span class='ocrx_word' id='word_1_282' title='bbox 1404 2881 1648 2952; x_wconf 83' lang='lat' dir='ltr'>proprium</span> 
     </span>
     <span class='ocr_line' id='line_1_35' title="bbox 131 2957 1655 3033; baseline -0.001 -20"><span class='ocrx_word' id='word_1_283' title='bbox 131 2959 359 3032; x_wconf 65' lang='lat' dir='ltr'>speEtant.</span> <span class='ocrx_word' id='word_1_284' title='bbox 384 2962 636 3012; x_wconf 86' lang='lat' dir='ltr'>Praetexunt</span> <span class='ocrx_word' id='word_1_285' title='bbox 647 2958 1014 3033; x_wconf 79' lang='lat' dir='ltr'>oubernationis</span> <span class='ocrx_word' id='word_1_286' title='bbox 1024 2957 1424 3011; x_wconf 86' lang='lat' dir='ltr'>emendationem</span> <span class='ocrx_word' id='word_1_287' title='bbox 1438 3002 1451 3023; x_wconf 88' lang='lat'>‚</span> <span class='ocrx_word' id='word_1_288' title='bbox 1469 2973 1524 3011; x_wconf 87' lang='lat' dir='ltr'>ut</span> <span class='ocrx_word' id='word_1_289' title='bbox 1538 2978 1655 3011; x_wconf 69' lang='lat' dir='ltr'>orn-</span> 
     </span>
     <span class='ocr_line' id='line_1_36' title="bbox 132 3033 1658 3107; baseline -0.001 -18"><span class='ocrx_word' id='word_1_290' title='bbox 132 3056 250 3094; x_wconf 77' lang='lat' dir='ltr'>nem</span> <span class='ocrx_word' id='word_1_291' title='bbox 264 3036 388 3089; x_wconf 86' lang='lat' dir='ltr'>illius</span> <span class='ocrx_word' id='word_1_292' title='bbox 404 3038 733 3089; x_wconf 64' lang='grc' dir='ltr'>ευέὶοιίῑειῑειῃ</span> <span class='ocrx_word' id='word_1_293' title='bbox 746 3033 1047 3088; x_wconf 67' lang='lat' dir='ltr'>labefactent.</span> <span class='ocrx_word' id='word_1_294' title='bbox 1084 3038 1366 3107; x_wconf 84' lang='lat' dir='ltr'>Proponunt</span> <span class='ocrx_word' id='word_1_295' title='bbox 1391 3035 1576 3102; x_wconf 87' lang='lat' dir='ltr'>media,</span> <span class='ocrx_word' id='word_1_296' title='bbox 1605 3037 1658 3088; x_wconf 78' lang='grc' dir='ltr'>δε</span> 
     </span>
     <span class='ocr_line' id='line_1_37' title="bbox 132 3112 1658 3191; baseline -0.003 -21"><span class='ocrx_word' id='word_1_297' title='bbox 132 3114 327 3170; x_wconf 72' lang='lat' dir='ltr'>consilia</span> <span class='ocrx_word' id='word_1_298' title='bbox 357 3116 612 3191; x_wconf 80' lang='lat' dir='ltr'>suggerunt</span> <span class='ocrx_word' id='word_1_299' title='bbox 628 3116 733 3188; x_wconf 85' lang='lat' dir='ltr'>post</span> <span class='ocrx_word' id='word_1_300' title='bbox 760 3114 956 3168; x_wconf 80' lang='lat' dir='ltr'>casum,</span> <span class='ocrx_word' id='word_1_301' title='bbox 978 3130 1030 3164; x_wconf 90' lang='lat' dir='ltr'>ut</span> <span class='ocrx_word' id='word_1_302' title='bbox 1046 3131 1217 3169; x_wconf 88' lang='lat' dir='ltr'>errores</span> <span class='ocrx_word' id='word_1_303' title='bbox 1233 3113 1549 3180; x_wconf 68' lang='lat' dir='ltr'>commissos,</span> <span class='ocrx_word' id='word_1_304' title='bbox 1551 3112 1658 3166; x_wconf 82' lang='lat' dir='ltr'>-sed</span> 
     </span>
    </p>
   </div>
   <div class='ocr_carea' id='block_1_2' title="bbox 906 3190 1658 3260">
    <p class='ocr_par' dir='ltr' id='par_1_6' title="bbox 906 3190 1658 3260">
     <span class='ocr_line' id='line_1_38' title="bbox 906 3190 1658 3260; baseline 0.005 -19"><span class='ocrx_word' id='word_1_305' title='bbox 906 3190 1036 3245; x_wconf 85' lang='lat' dir='ltr'>Bbb</span> <span class='ocrx_word' id='word_1_306' title='bbox 1064 3210 1087 3248; x_wconf 77' lang='lat'><em>3</em></span> <span class='ocrx_word' id='word_1_307' title='bbox 1527 3191 1658 3260; x_wconf 82' lang='lat' dir='ltr'>post-</span> 
     </span>
    </p>
   </div>
  </div>
 </body>
</html>
