2394 3768
492 385 618 424 2Etego
631 390 677 412 ero

485 430 514 462 in
530 441 576 462 ore
589 438 649 471 tuo,
669 427 706 464 όν

736 315 817 358 520
1107 293 1416 336 DIDACI
1482 291 1939 335 SAAVEDRAE

733 364 936 439 praesunt
954 407 966 426 ,
998 379 1103 413 non
1121 360 1204 412 sibi
1221 360 1432 413 invicem
1459 360 1774 414 adversentur.
1806 363 1999 434 Moyses
2023 364 2074 415 δε
2107 367 2271 417 Aaron

484 479 514 511 ,-‚
525 477 705 519 mmm&
737 439 1130 518 germanifratres
1145 455 1293 503 erant,
1307 439 1555 502 &tamen³
1575 458 1689 491 curn
1707 443 1833 490 Deus
1851 439 2060 493 liuncilli
2079 442 2271 495 socium

483 525 623 570 ostendam
635 535 684 558 νο-

483 573 535 615 bu,
547 586 595 617 qui
587 574 616 606 id
625 584 709 616 agere

481 623 614 655 debeatis.
640 623 705 655 Ex-

483 671 539 704 odi
553 683 586 713 4.
608 682 659 712 ις.

483 731 590 766 Tacit.
606 731 662 767 lib.
671 745 698 767 1.

482 781 601 816 Annal.

477 1373 587 1409 Tacit.
603 1371 657 1410 lib.
664 1386 697 1419 4.

477 1425 594 1459 Annal.

483 2382 568 2417 Mar.
590 2379 678 2414 Hist

488 2428 705 2477 Hisp-lib.15.

485 2493 512 2513 Ε.
537 2492 581 2513 12.

740 515 1036 588 adjunxisset,
1049 518 1264 586 oportuit
1283 514 1458 580 adhuc,
1476 533 1528 567 ut
1544 518 1804 568 amborum
1817 516 2024 568 alssteret
2043 517 2204 582 labiis,
2221 521 2273 570 &

737 596 925 667 utrique
941 592 1211 645 ostenderet
1216 592 1349 662 ,quid
1365 594 1612 667 agendum
1632 589 1739 645 effer
1745 612 1822 656 ,ne
1836 613 1932 665 qua
1947 594 2069 646 inter
2083 613 2166 647 eos
2180 564 2274 648 dis-

733 672 920 726 sensioa
932 672 1142 724 oriretur.
1189 672 1364 722 Unum
1393 672 1459 722 est
1488 638 1757 747 Reipublicai
1775 686 1960 745 corpm,
1985 685 2125 747 atque
2153 671 2275 726 adeo

728 750 862 805 unius
872 751 1030 804 animo
1042 747 1302 823 regendum.
1326 749 1478 800 Etiam
1495 750 1681 821 Regem
1694 747 1928 822 dignitate
1945 751 2154 818 (ηἐεέὶυη]
2174 753 2272 804 Rex

731 829 889 883 alius
877 849 928 882 in
948 831 1124 902 Regno
1139 825 1228 879 suo
1242 825 1357 878 ferre
1378 844 1483 877 non
1502 826 1711 879 sustinet.
1750 830 1894 878 Hanc
1910 827 2272 883 excusationem

729 905 889 961 attulit
907 905 1159 960 Lusitaniae
1172 906 1293 966 Rex,
1309 922 1425 956 cum
1442 906 1624 978 Regem
1644 904 1869 955 Petrum
1855 923 1880 956 a
1899 904 2035 956 fratre
2055 907 2275 960 Henrico

727 986 992 1060 profugum
1009 981 1164 1036 nollet
1179 979 1444 1034 admittere
1472 982 1594 1035 Sane
1612 998 1913 1034 matrimonii
1929 982 2149 1047 vinculo
2167 1003 2270 1057 quo

729 1081 932 1134 corpora
946 1061 1110 1134 pariter
1125 1060 1360 1111 uniuntur
1375 1078 1430 1112 ac
1445 1059 1734 1124 voluntates,
1743 1057 1914 1133 insigni
1931 1060 2047 1112 item
2062 1061 2271 1132 pruden-

728 1138 791 1193 tia
807 1139 950 1214 Regis
966 1136 1251 1191 Ferdinandi
1266 1138 1315 1188 ὃ(
1344 1138 1543 1212 Reginae
1561 1137 1769 1190 lsabellae
1783 1138 2002 1211 conjugis
2023 1158 2146 1207 opus
2163 1141 2270 1204 fuit,

726 1236 791 1269 ne
807 1218 926 1291 quid
939 1214 1256 1270 incommodi
1275 1216 1542 1269 nasceretur
1559 1235 1613 1267 ex
1630 1233 1688 1267 eo
1696 1213 1843 1287 ,quod
1861 1217 2072 1284 junnim
2091 1217 2272 1269 Castel-

727 1293 783 1348 lae
800 1297 972 1370 Regna
986 1292 1368 1347 moderarentur
1395 1292 1626 1347 Arduum
1643 1311 1819 1364 nempe
1830 1294 1914 1358 eff,
1928 1292 2084 1346 ebdem
2095 1292 2178 1348 loct
2183 1309 2270 1370 po-

723 1374 923 1427 tentiam
937 1377 1006 1435 εἴ
1021 1371 1304 1426 concordiam
1317 1369 1457 1442 eſje).
1490 1375 1546 1422 Et
1563 1370 1747 1423 tametsi
1765 1371 2160 1423 Diocletianum
2149 1390 2272 1426 inter

723 1451 775 1503 δε
792 1451 1153 1503 Maximianum
1169 1483 1185 1506 2
1208 1453 1291 1522 qui
1312 1449 1411 1502 una
1430 1451 1746 1523 Imperium&
1714 1448 2054 1501 cubernabant
2073 1449 2271 1523 ‚aliqua

724 1529 864 1582 fuerit
891 1529 1014 1582 unio
1032 1572 1045 1593 ,
1077 1548 1130 1582 ea
1156 1544 1324 1581 tamen
1350 1526 1691 1583 incommodis
1717 1528 1809 1579 suis
1840 1528 1891 1577 ὅ(
1911 1493 2268 1582 offensionibus

722 1607 906 1660 mutuis
922 1607 1140 1659 omnino
1156 1625 1264 1659 non
1283 1606 1444 1661 caruiti
1473 1609 1592 1658 Eam
1610 1604 1679 1658 ob
1692 1624 1793 1659 rem
1809 1606 1861 1657 in
1880 1605 2143 1678 Republica
2160 1609 2268 1659 Ro-

722 1704 871 1738 mana
853 1683 1129 1737 Consules
1145 1682 1418 1737 alternatim
1431 1684 1752 1755 imperabant.

833 1761 1020 1814 Verum
1039 1762 1070 1811 fi
1087 1761 1315 1832 pluribus,
1329 1779 1480 1832 quam
1499 1780 1604 1813 uno
1622 1760 1838 1830 Principe
1855 1778 1979 1831 opus
1992 1760 2270 1833 fuerit‚prae-

725 1839 812 1892 stat
829 1837 917 1890 effe
935 1855 1025 1891 tres
1041 1836 1228 1908 potius:
1219 1837 1389 1888 .unius
1406 1839 1542 1889 enim
1557 1837 1816 1889 audioritas
1828 1836 2031 1889 aliorum
2050 1836 2267 1893 duorum

723 1916 1053 1968 ambitionem
1080 1913 1337 1967 coercebit.
1360 1914 1523 1967 Faetio
1552 1912 1722 1966 habere
1751 1913 1922 1967 locum
1953 1932 2058 1967 non
2083 1917 2269 1986 potest,

725 1993 810 2046 ubi
828 1993 998 2064 nequit
1015 1990 1103 2044 effe
1118 1991 1381 2062 aequalitaS,
1413 2010 1519 2063 quae
1537 1989 1687 2043 caussa
1719 1991 1810 2043 fuit
1827 2010 1909 2043 cur
1923 1993 2270 2048 Triumviratus

727 2071 953 2132 Caesaris,
969 2067 1113 2120 craffi
1127 2069 1176 2118 ὅ(
1195 2069 1409 2137 Pompeji
1425 2101 1441 2122 2
1463 2067 1693 2118 Antonii
1682 2084 1798 2118 item
1816 2068 2041 2138 Lepidi&
2068 2072 2267 2144 Augusti

729 2147 989 2219 aliquanto
1007 2161 1227 2230 tem-pore
1239 2143 1510 2215 perdurarit.
1539 2144 1672 2209 Quia
1701 2147 1818 2215 Refri
1840 2147 2057 2199 Henrico
2074 2150 2235 2201 Tertio
2249 2182 2268 2207 ‚

730 2224 883 2277 dum
872 2241 922 2278 in
936 2223 1115 2276 minori
1131 2238 1264 2275 aetate
1283 2219 1419 2279 effer,
1439 2237 1527 2275 tres
1543 2223 1619 2274 alii
1637 2221 1929 2286 affistebant,
1960 2225 2082 2278 ῐεέὶὲ
2110 2227 2268 2301 Regni

733 2303 861 2356 illius
887 2300 1096 2354 successit
1111 2299 1408 2374 gubernatio,
1453 2298 1667 2354 Eandem
1700 2319 1899 2372 quoque
1926 2303 2164 2356 rationem
2178 2323 2269 2374 prae

735 2377 886 2433 oculis
900 2376 1068 2431 habuit
1101 2381 1202 2429 Rex
1223 2376 1497 2447 Alphonlus
1523 2379 1746 2448 Sapiens,
1773 2379 1977 2450 quando
2002 2380 2188 2446 statuit,
2211 2398 2266 2434 ut

735 2457 935 2510 durante
953 2454 1165 2527 pupillari
1185 2457 1376 2528 Regum
1393 2470 1525 2507 aetate
1540 2471 1618 2507 aut
1633 2473 1776 2518 unua,
1794 2473 1874 2508 aut
1889 2473 1977 2509 tres
1994 2490 2011 2514 ‚
2025 2475 2104 2511 aut
2121 2461 2266 2546 quin-

734 2551 936 2609 que2aut
949 2534 1129 2604 septem
1146 2534 1301 2606 Regni
1320 2531 1644 2605 gubernacula
1660 2532 2062 2587 administrarent.
2083 2537 2135 2588 ld
2154 2539 2267 2610 quia

733 2615 785 2667 in
802 2610 937 2665 simili
951 2626 1084 2663 aetate
1101 2612 1245 2684 Regis
1265 2608 1498 2680 Alphonsi
1526 2613 1613 2661 XI.
1633 2610 1819 2662 faerum
1839 2630 1947 2664 non
1965 2615 2142 2679 fuerat,
2159 2634 2268 2667 ma-

734 2709 859 2766 onos
877 2705 1044 2742 motus
1070 2705 1254 2759 experta
1283 2687 1346 2738 est
1374 2686 1575 2740 Castella
1591 2723 1608 2743 2
1638 2687 1699 2740 ab
1724 2679 1998 2742 Infantibus
2014 2693 2198 2744 Ioanne
2214 2693 2267 2744 &

734 2774 875 2822 Petro
888 2765 1240 2829 administrata,
1269 2763 1487 2849 adeoque
1503 2766 1685 2817 necesse
1701 2765 1792 2818 fuir
1811 2783 1887 2828 ,ut
1908 2767 2183 2822 Consilium
2200 2789 2269 2823 re-

735 2847 870 2921 gium
885 2844 1041 2917 Regni
1060 2843 1447 2914 procurationem
1461 2841 1725 2912 susciperet.
1757 2843 2064 2917 Qanquam
2082 2847 2264 2917 semper

735 2922 1009 2977 violentum
1027 2922 1110 2974 erit
1124 2919 1381 2990 Imperium
1389 2918 1538 2991 ,quod
1559 2921 1620 2972 ab
1638 2939 1743 2971 uno
1762 2920 1864 2973 solo
1884 2941 1990 2974 non
2009 2924 2261 2994 dependet,

736 2999 848 3052 sed
838 3017 889 3051 in
906 2999 1048 3052 varias
1063 2996 1269 3048 divisum
1284 2996 1348 3048 est
1363 3012 1535 3067 partes·
1562 2996 1609 3047 id
1625 2996 1761 3068 quod
1784 2999 2035 3053 Alexandri
2061 3004 2261 3052 Monar-

739 3077 852 3131 chiae
869 3074 1070 3138 accidit,
1094 3093 1199 3146 quae
1215 3072 1295 3126 etsi
1319 3089 1482 3128 totum
1503 3072 1598 3128 fere*
1614 3074 1784 3128 orbem
1811 3076 2260 3148 comprehenderet,

2093 3153 2263 3208 diurna
