2394 3768
427 281 1318 323 SYMBOLAPOL1T1CA.
1556 295 1632 335 223

212 354 261 406 §-
304 348 527 414 Quando
542 354 577 401 is
596 395 607 414 ‚
623 352 705 422 qui
722 349 1053 421 potentiorest‚
1074 349 1202 403 alteri
1217 347 1426 404 honores
1440 347 1630 404 debitos

106 427 303 499 denegat
322 429 390 495 (in
409 428 590 479 aetibus
607 427 852 498 praesertim
868 427 1086 497 publicis)
1102 427 1368 480 consultius
1381 427 1462 493 est,
1478 430 1622 481 etiarn

104 506 146 557 vi
161 503 320 555 &astu
333 503 549 576 quodam
562 523 643 556 eos
657 506 889 574 praeripere
916 504 1015 556 aliis
1036 505 1209 577 ,quam
1238 503 1290 557 ea
1315 503 1376 557 de
1403 523 1448 557 re
1474 506 1624 560 verbis

103 580 407 646 contendere.
444 580 548 646 Qui
576 581 762 633 dubitat
782 624 794 644 ,
832 584 1002 633 merito
1028 581 1115 633 suo
1140 579 1328 634 diffidit.
1368 581 1472 654 Qi
1501 582 1627 636 dissi·

99 657 252 709 mulat
269 701 280 721 ‚
295 657 432 710 tacite
445 660 578 711 suam
595 659 760 710 fatetur
774 658 1115 732 indignitatem
1131 693 1146 715 ‚
1160 661 1209 709 &
1241 657 1482 713 Modestia
1498 661 1626 731 post-

99 733 152 788 ea
166 753 250 804 pro
267 734 469 787 ridiculo
479 735 691 789 habetur.
733 736 840 804 Qi
864 735 922 788 de
934 736 1064 790 fae'to
1079 737 1248 788 animo
1261 735 1373 788 forti
1395 738 1469 800 ,&
1498 736 1630 792 bonci

98 830 211 865 cum
223 811 364 884 gratia
378 813 551 882 primas
564 831 652 883 prae
667 812 766 865 aliis
779 829 985 884 occupat
999 856 1010 876 ,
1023 832 1126 886 quae
1140 812 1223 866 fibi
1249 812 1486 866 debentur
1498 858 1512 877 ,
1536 833 1628 868 nec

94 887 359 941 offeruntur
371 906 534 942 tamen
554 933 569 954 ‚
582 889 708 943 facili
728 888 902 943 deinde
914 892 1112 964 negotio
1126 909 1200 943 eas
1214 890 1359 945 servat
1374 891 1422 942 ὅ(
1439 896 1623 944 retinet.

93 970 161 1018 lta
176 965 431 1038 quondam
445 969 710 1020 Germaniae
724 969 910 1041 Legatis
923 968 1126 1041 contigit
1139 1014 1150 1033 ‚
1166 970 1250 1041 qui
1275 968 1388 1022 cum
1400 969 1454 1021 in
1480 971 1630 1021 Pom-

91 1045 181 1115 peji
198 1045 406 1096 Theatro
424 1045 546 1096 inter
560 1046 810 1097 Senatores
824 1043 1008 1097 assidere
1037 1063 1283 1098 cernerent
1299 1047 1506 1121 Legatos
1520 1049 1566 1097 N
1571 1065 1625 1099 a·

91 1122 287 1173 tionum
299 1160 312 1184 ,
326 1140 430 1194 quae
444 1122 726 1175 fortitudine
742 1123 912 1186 animi,
930 1123 981 1172 ὃ(
995 1123 1237 1175 constanti
1252 1142 1366 1176 cum
1385 1126 1625 1176 Romanis

91 1197 296 1252 amicitia
311 1199 421 1251 alias
435 1199 786 1263 antecellerent,
803 1199 1040 1264 dixerunt,
1051 1197 1196 1253 nullos
1210 1199 1469 1255 mortalium
1482 1204 1626 1254 armis
1657 1212 1877 1271 Taciturn}

88 1289 172 1327 aut
178 1273 278 1348 fide
291 1290 399 1328 ante
425 1273 773 1347 Germanoseffi⁹
788 1321 800 1339 ,
825 1278 1013 1328 &inter
1041 1277 1240 1330 eosdem
1265 1280 1513 1330 Senatores
1536 1279 1629 1330 ses·
1659 1264 1776 1299 Aml'

89 1352 199 1404 sum
215 1369 452 1424 ceperunt.
502 1349 658 1423 Qod
682 1355 866 1406 comiter
886 1350 918 1405 d
941 1351 1197 1428 visentibm
1220 1368 1459 1430 exceptum
1479 1398 1492 1420 ,
1505 1352 1633 1430 quasi
1661 1367 1744 1404 lbid.

85 1432 282 1506 impetus
295 1431 492 1505 antiqui,
507 1434 574 1489 Εἴ
592 1427 708 1485 bonci
720 1428 1061 1486 amulationea.

201 1513 253 1565 §-
298 1510 370 1560 De
386 1508 691 1561 favoribus&
716 1508 873 1581 gratiis
890 1551 903 1572 ‚
921 1526 1026 1580 quae
1040 1508 1066 1561 a
1095 1508 1320 1580 Principis
1348 1506 1628 1580 dependent

89 1584 309 1640 arbitrio,·
327 1583 512 1637 tametfi
538 1600 618 1636 aut
647 1585 852 1648 meritiS,
869 1601 950 1637 aut
973 1586 1132 1639 virtuti
1159 1585 1409 1640 videantur
1439 1587 1629 1643 debitae»

92 1661 319 1714 Subditus
334 1662 565 1734 conqueri
597 1679 703 1711 non
716 1658 861 1713 debet
874 1682 893 1717 5
911 1658 1046 1733 quod
1069 1664 1121 1714 in
1149 1662 1194 1715 se
1205 1662 1298 1715 illae
1311 1682 1419 1716 non
1455 1665 1630 1732 confe-

88 1754 254 1792 rantur
265 1765 279 1802 5
318 1737 478 1790 immo
488 1738 642 1812 gratiae
663 1735 822 1808 potius
849 1735 1050 1812 agendae
1062 1738 1152 1791 sub
1167 1739 1374 1790 honesto
1388 1740 1553 1813 aliquo
1569 1742 1626 1793 ti-

90 1816 199 1869 tulo
216 1814 501 1888 ,quomodo
517 1814 697 1867 Vitellii
711 1831 926 1886 tempore
949 1814 1166 1868 fecerunt
1180 1814 1414 1868 nonnulli
1429 1817 1489 1869 ab
1518 1814 1627 1868 offi-

91 1895 173 1947 ciis
190 1894 312 1945 suisg
339 1893 512 1945 remoti
540 1913 553 1942 ·.
594 1911 712 1944 nam
735 1891 916 1951 aulicus
941 1891 1150 1964 prudens
1171 1911 1348 1946 omnes
1375 1894 1486 1947 suos
1515 1913 1632 1947 cum
1656 1892 1865 1987 Justff‘ffil'sffllj.

90 1972 303 2040 Principe
315 1971 435 2022 serm
445 1988 566 2022 ones
576 1969 830 2043 gratiarum
845 1970 1036 2022 actione
1052 1970 1080 2022 s
1079 1970 1182 2023 olet
1195 1970 1504 2026 concludere.
1544 1974 1628 2024 Se·
1657 1949 1772 2036 grisea,
1789 1956 1883 2028 iii-‘⁰

92 2067 211 2100 neca
227 2046 305 2101 ista
320 2046 565 2115 prudentia
580 2046 688 2099 usus
705 2046 770 2098 est
785 2091 797 2111 ,
836 2046 1094 2119 postquam
1107 2067 1224 2101 cum
1259 2050 1455 2103 Nerone
1470 2048 1634 2104 collo·
1655 2041 1810 2125 ζςζζζῖᾔξῗε

94 2141 232 2178 cutus
263 2124 371 2177 esset
403 2124 461 2177 de
488 2126 570 2190 iis,
604 2126 656 2176 in
682 2124 858 2196 quibus
880 2142 994 2176 eum
1034 2123 1269 2178 nonnulli
1287 2125 1307 2157 '⁷
1333 2127 1636 2180 accusabant.
1665 2117 1881 2192 Tacit-iim?

94 2203 196 2267 Qui
211 2202 408 2274 querelis
433 2203 604 2265 utitur,
644 2202 813 2255 fatetur
834 2201 1012 2271 injuriis
1035 2201 1082 2254 se
1108 2200 1367 2266 affeetum3
1408 2204 1459 2255 in
1474 2222 1533 2256 eo
1546 2223 1631 2256 au⁴
1659 2185 1752 2285 ξω·
1877 2269 1884 2276 .

93 2297 194 2332 tem
211 2318 224 2342 ,
240 2298 387 2351 quem
402 2277 648 2331 offensum
663 2278 867 2331 credunt
882 2324 895 2344 ‚
916 2297 1022 2330 non
1044 2278 1181 2332 valde
1209 2278 1472 2334 confidunt
1496 2283 1629 2334 Prin·
1648 2272 1885 2356 finfsno‘fn‘m-{ffjj‘

94 2357 236 2428 cipeS.
272 2358 461 2407 Omnes
475 2354 586 2407 eain
601 2374 648 2408 te
673 2359 781 2407 Deo
806 2357 1006 2426 cupiunt
1035 2355 1123 2410 esse
1150 2356 1324 2410 fimiles
1343 2402 1355 2422 ‚
1371 2356 1431 2411 de
1458 2378 1560 2433 quo
1576 2361 1626 2412 in
1656 2364 1881 2399 “mmmm-

96 2433 289 2486 miseriis
307 2433 474 2485 nostris
492 2451 597 2483 non
613 2433 880 2504 querimur,
899 2433 1060 2486 immo
1073 2436 1239 2487 oratias
1266 2432 1425 2507 potius
1441 2456 1527 2510 pro
1541 2436 1630 2490 illis
1656 2412 1881 2507 Ζξῖῗζέῗῖ)

95 2512 295 2563 aoimus·
1072 2479 1105 2508 Ο
1661 2510 1771 2544 Tacit.
1787 2513 1810 2544 1.
1827 2520 1882 2553 14·

121 2560 153 2585 Ο
220 2593 272 2646 5.
307 2589 363 2638 In
392 2584 814 2649 deliberationibus
846 2588 898 2638 ὃς
935 2586 1321 2642 accusationibus
1359 2588 1631 2642 constantia
1663 2559 1781 2595 Annal.

95 2663 361 2737 plurimum
376 2664 588 2735 prodest:
622 2683 739 2717 narn
766 2666 848 2737 qui
878 2664 1134 2717 confestim
1151 2665 1206 2716 iis
1237 2665 1392 2722 cedit,
1419 2685 1554 2720 reum
1582 2667 1630 2719 se

95 2742 359 2796 constituit.
400 2741 503 2807 Qui
528 2742 769 2793 innocens
795 2741 898 2794 suas
928 2757 1071 2816 negat
1095 2743 1335 2807 aetioneS,
1361 2744 1554 2797 sontem
1580 2745 1629 2797 se·

96 2819 369 2873 confitetur.
409 2822 555 2870 Mens
570 2817 694 2871 recte
711 2820 905 2873 conscia
923 2865 936 2884 ,
952 2820 1002 2871 δε
1021 2818 1227 2890 praefidio
1241 2822 1422 2875 virtutis
1449 2838 1628 2875 armata

95 2897 154 2949 de
168 2895 350 2949 aemulis
366 2897 634 2966 triumphat.
664 2897 707 2949 Si
738 2913 919 2968 torpere
938 2898 1133 2968 incipiat
1152 2941 1165 2961 ,
1191 2916 1283 2951 nec
1300 2914 1468 2952 contra
1497 2899 1628 2953 casus

98 2973 315 3027 adversos
329 2976 506 3026 nitatur
522 2973 704 3027 fortiter
721 3018 733 3038 ,
748 2993 917 3027 eorum
930 2974 1391 3030 obrueturfluetibus
1410 3022 1422 3042 ,
1435 2996 1541 3029 non
1559 2979 1628 3030 se-

99 3071 178 3103 cus
191 3071 244 3105 ac
258 3052 428 3105 fluvius
444 3051 609 3123 aliquis
623 3070 854 3123 aquarum
873 3054 1057 3122 impetu
1071 3053 1231 3107 sternit
1254 3054 1442 3109 arbores
1468 3055 1632 3108 minus

928 3133 971 3181 T
1001 3150 1031 3190 4
1511 3131 1633 3184 radi-
