2394 3768
420 313 821 354 SYMBOLA
879 313 1317 354 POLITICA.
1570 326 1646 367 υς

105 385 243 437 suurn
260 397 455 451 patrem,
477 401 531 433 cu
537 384 606 450 jus
623 384 723 434 vitae
739 382 867 433 struit
881 381 1068 434 infidias
1085 425 1097 445 ‚
1109 398 1160 433 ut
1180 381 1319 434 tanto
1331 381 1517 435 liberius
1532 400 1645 454 pro-

103 461 206 532 priae
222 459 311 510 suae
327 460 485 510 matris
499 459 587 511 frui
603 459 736 530 possit
748 459 1010 511 amoribus:
1026 478 1128 531 quo
1145 459 1352 534 hierogly
1362 459 1504 531 phico
1523 459 1644 513 nihil

100 536 164 590 illi
181 538 377 588 innuere
392 535 622 589 volebant
650 536 775 589 aliud
791 580 802 600 ,
832 536 982 607 quam
1000 535 1134 609 quod
1157 539 1385 609 Principes
1412 539 1641 607 pietatem

100 617 281 684 semper
297 614 525 684 impietati
539 614 764 667 anteferre
779 613 1002 667 debeant.
1022 619 1178 687 Atque
1195 614 1291 667 hoc
1304 615 1481 667 eodem
1497 618 1640 689 Sym-

101 690 224 745 bolo
241 690 582 743 Machiavellus
595 691 735 743 suum
750 710 947 765 quoque
963 693 1226 763 Principem
1241 690 1529 745 instructum
1544 693 1640 748 vel-

100 769 192 823 let,
209 767 288 819 sed
305 768 400 820 alio
414 768 553 839 plane
571 766 667 821 fine
699 790 708 818 :
736 770 786 820 in
806 788 909 821 uno
925 770 1059 821 enim
1083 769 1246 839 sceptri
1261 787 1474 823 extremo
1489 772 1640 840 pieta-

99 863 217 908 tem,
232 846 283 897 in
301 845 447 897 altero
459 847 753 917 impietatem
774 846 1068 898 collocatam
1082 862 1270 917 cuperet
1284 891 1298 911 ,
1327 863 1380 899 ut
1396 865 1482 918 pro
1498 847 1639 901 libitu

97 923 219 977 illud
246 940 415 977 vertere
431 925 576 994 pollet
589 963 601 985 ‚
622 923 826 996 eamque
852 940 1034 994 partem
1053 925 1236 976 sursum
1249 925 1418 999 erigere
1433 970 1445 990 ,
1459 944 1564 998 quae
1580 924 1638 977 ad

99 1003 514 1056 conservationem
539 1003 961 1054 &incrementum
982 1004 1203 1053 Statuum
1224 1000 1375 1077 magis
1391 1002 1642 1056 conduce-

97 1095 178 1132 ret.
206 1081 261 1131 In
289 1097 437 1150 que-m
457 1077 604 1131 finem
623 1096 756 1150 putat
773 1078 860 1130 ,1116
875 1124 887 1142 ,
921 1081 1112 1132 virtutes
1145 1080 1338 1151 Principi
1368 1079 1638 1133 neceffarias

97 1175 203 1209 non
219 1154 320 1222 esse,
340 1156 418 1208 sed
436 1153 661 1220 sufficere,
677 1155 708 1206 si
726 1175 799 1207 eas
814 1155 981 1208 habere
999 1158 1045 1209 se
1062 1155 1253 1209 fimulet
1268 1179 1279 1206 :
1296 1160 1480 1210 etenim
1497 1158 1530 1210 fi
1554 1177 1637 1210 ve-

95 1253 152 1286 rae
168 1234 257 1285 illae
270 1232 415 1285 effent
431 1253 483 1288 ac
499 1233 686 1290 solidae,
706 1235 754 1284 ὃ(
773 1232 804 1284 si
822 1253 876 1285 ex
897 1233 1158 1305 praescripto
1173 1234 1436 1289 earundem
1453 1255 1585 1311 agere
1600 1235 1639 1287 is

96 1312 278 1383 semper
290 1311 455 1365 vellet,
479 1311 539 1362 ait
555 1311 828 1379 pernitiosas
855 1311 922 1363 illi
938 1311 1066 1373 fore5
1096 1311 1263 1364 contra
1279 1313 1389 1365 vero
1415 1314 1637 1384 profutu-

96 1406 165 1441 ras
179 1390 327 1461 quam
344 1387 624 1458 plurimum,
643 1387 675 1439 11
693 1404 881 1459 putetur
897 1387 1081 1452 saltem,
1101 1387 1233 1460 quod
1249 1390 1302 1440 iis
1320 1390 1537 1458 praeditus
1553 1389 1633 1441 fit:

94 1465 183 1519 hac
196 1467 330 1518 enim
349 1467 532 1518 ratione
547 1465 611 1518 ita
626 1485 736 1517 eum
753 1467 854 1517 fore
871 1464 950 1515 dis
945 1463 1167 1534 positum,
1187 1482 1239 1516 ut
1257 1483 1342 1534 pro
1354 1484 1400 1517 re
1417 1465 1527 1518 nata
1541 1468 1638 1520 im-

93 1559 278 1596 mutare
292 1562 366 1594 eas
383 1543 492 1597 sciat
508 1544 558 1593 δε
573 1542 707 1612 poffit
722 1586 735 1606 ‚
750 1541 965 1614 adeoque
980 1541 1043 1594 fic
1059 1542 1109 1593 in
1125 1540 1262 1594 rebus
1276 1544 1511 1597 omnibus
1523 1563 1637 1619 age-

92 1636 319 1692 re,prout
335 1619 546 1690 expedire
562 1618 834 1688 judicaverit
853 1662 866 1682 ‚
895 1619 1117 1672 &tulerit
1131 1618 1335 1673 occas10.
1366 1626 1523 1694 Atque
1540 1622 1638 1678 hoc

92 1698 248 1769 ipsum
264 1698 539 1767 cumprimis
557 1694 861 1749 necessarium
878 1693 964 1748 effe
982 1698 1044 1748 ait
1061 1697 1110 1748 in
1128 1698 1182 1749 iis
1214 1698 1505 1770 Principibus
1520 1744 1532 1765 ,
1550 1700 1637 1773 qui

89 1777 277 1830 noviter
290 1773 349 1827 ad
364 1774 651 1845 Reipublicae
662 1772 984 1847 gubernacula
1004 1772 1437 1849 accefferunt‚quos
1451 1795 1638 1848 paratos

95 1854 276 1925 semper
287 1854 336 1903 δε
350 1851 589 1922 expeditos
599 1851 686 1904 esse
701 1866 889 1922 oportet
903 1850 961 1903 ad
975 1851 1218 1904 utendum
1231 1852 1360 1917 velis,
1371 1871 1514 1926 prout
1530 1858 1635 1908 For-

96 1947 223 1983 tunae
242 1932 371 1984 venti
387 1930 726 2000 spiraverinb&
747 1927 984 2000 postularit
1003 1929 1260 1983 neceffitas.
1274 1933 1488 2001 Impium
1502 1951 1639 2005 pror-

96 2008 172 2061 sus
187 2049 200 2071 ,
215 2009 263 2059 ὃ(
289 2007 567 2079 imprudens
585 2007 840 2062 consilium
858 2051 870 2070 ,
896 2007 1032 2080 quod
1048 2011 1239 2061 virtutes
1252 2008 1416 2063 suadet
1432 2029 1539 2062 non
1551 2029 1640 2086 ge-

98 2088 300 2142 nuinas,
331 2086 410 2137 sed
427 2085 660 2139 confictas
677 2086 835 2137 [Olum
851 2086 899 2136 δε
925 2087 1174 2155 putatitias.
1205 2087 1488 2153 Quomodo
1503 2107 1640 2141 enim

98 2163 195 2216 fieri
211 2166 379 2234 poterit
393 2199 407 2220 ,
426 2180 477 2214 ut
490 2163 620 2215 idem
639 2162 809 2215 umbra
822 2163 996 2234 praestet
1011 2208 1024 2227 ,
1040 2162 1176 2235 quod
1191 2165 1382 2218 veritas?
1412 2184 1639 2238 quaenam

99 2260 184 2305 am,
197 2261 356 2313 quaeve
369 2241 594 2293 industria
609 2240 808 2314 crystalli
825 2258 1045 2293 naturam
1062 2242 1124 2296 s1c
1148 2242 1372 2313 perficiet,
1389 2259 1442 2294 ut
1455 2243 1638 2296 clarita-

102 2336 144 2370 te
161 2319 239 2371 sua
257 2339 310 2373 ac
336 2319 442 2371 luce
471 2318 780 2371 adamantem
798 2336 1006 2393 exaequet
1035 2325 1048 2369 ?
1074 2321 1237 2392 ecquis
1255 2340 1361 2372 non
1390 2319 1550 2386 illico,
1578 2319 1640 2374 ad

101 2399 310 2468 primum
337 2397 580 2466 aspectum
597 2398 647 2446 ὃ(
669 2397 1048 2465 explorationem
1068 2441 1080 2461 ,
1104 2399 1167 2450 rei
1195 2399 1423 2472 agnoscet
1453 2399 1644 2453 vanita-

102 2490 220 2529 tem,
235 2475 284 2523 δε
299 2474 444 2524 ridere
459 2473 681 2542 incipiet?
715 2474 832 2527 Vera
845 2472 991 2546 gloria
1003 2475 1170 2527 radices
1189 2479 1310 2548 agit,
1335 2487 1484 2552 atque
1496 2478 1644 2530 etiam

91 2560 376 2627 propagatur
395 2572 411 2600 .·
425 2547 540 2622 fidia
557 2553 712 2604 omnia
726 2550 924 2605 celeriter
934 2565 1158 2626 tanquam
1173 2551 1349 2624 flosculi
1364 2553 1612 2606 decidam
1627 2585 1646 2609 2

104 2647 249 2702 neque
248 2621 531 2700 simulatum
546 2627 939 2703 quicquampotest
952 2624 1031 2698 effi>
1042 2627 1353 2683 diuturnum.
1374 2630 1523 2682 Nulla
1539 2647 1648 2683 tan-

106 2722 155 2758 ta
171 2706 232 2758 est
253 2706 432 2768 astutia,
446 2725 549 2778 quae
565 2723 783 2758 naturam
803 2705 1015 2778 aliquam
1035 2706 1216 2758 malam
1234 2707 1393 2760 vestire
1408 2707 1468 2760 fic
1485 2707 1620 2779 possit
1633 2753 1648 2773 ,

105 2799 160 2835 ut
174 2783 514 2856 usquequaque
531 2784 661 2836 bona
678 2800 908 2854 appareat.
938 2785 1072 2835 Nam
1089 2782 1120 2834 11
1138 2785 1188 2836 in
1211 2783 1316 2853 ipfis
1330 2787 1446 2838 veris
1459 2786 1646 2839 virtuti-

106 2861 213 2924 buS,
232 2877 330 2913 tam
351 2877 524 2912 naturae
541 2861 708 2912 nostrae
722 2863 768 2912 δε
785 2860 1109 2924 inclinationi,
1127 2862 1383 2915 accedente
1396 2863 1647 2933 praesertim

106 2937 287 3002 habitu,
303 2938 655 3003 conformibuS,
674 2955 773 2991 tam
791 2938 930 2991 facile
947 2937 1197 2992 deficimus
1214 2983 1226 3004 ‚
1257 2940 1375 3013 quid
1393 2942 1442 2992 in
1461 2940 1581 2993 fietis
1594 2942 1646 2992 δε

107 3018 336 3089 putatitiis
362 3015 467 3068 fiet?
486 3017 746 3088 quomodo
762 3017 965 3080 Subditi,
982 3016 1013 3068 fi
1031 3035 1145 3069 artes
1161 3020 1210 3069 ὃς
1223 3018 1406 3071 fraudes
1418 3019 1525 3071 istas
1539 3038 1645 3092 per-

107 3095 136 3146 s
132 3095 338 3168 pexerint
354 3139 367 3159 ‚
382 3095 497 3147 ferre
510 3111 736 3170 poterunt
747 3095 971 3149 foetorem
990 3095 1129 3148 illum
1148 3141 1161 3162 ‚
1186 3098 1212 3150 6
1227 3095 1535 3172 discooperto
1548 3100 1646 3166 jam

1003 3176 1048 3224 K
1089 3195 1117 3235 4
1506 3174 1646 3227 Vitio-

1677 2484 1750 2520 Cic.
1764 2484 1821 2519 lib.
1841 2498 1871 2519 2.

1675 2536 1715 2569 de
1735 2532 1810 2568 Off.
1821 2545 1897 2578 c.5z.
