2394 3768
442 306 841 349 SYMBOLA
901 305 1329 350 POLITICA.
1578 314 1656 365 663

144 398 252 435 turn
268 376 677 431 terrarumorbem
695 375 711 408 ¹⁷
727 376 1032 433 exhibebant.
1057 380 1345 433 Neutralitas
1371 379 1656 436 crudelitatis
1679 391 1694 415 b
1717 396 1751 425 1²1
1762 390 1834 436 veste
1850 404 1879 428 e<

142 475 294 534 genus
304 454 557 529 quoddam
571 456 635 506 est
651 489 666 511 ,
681 472 787 507 tum
803 455 1049 524 praesertim
1070 492 1084 513 ‚
1113 455 1226 510 cum
1252 458 1513 511 alienarum
1530 459 1657 513 cala·
1678 450 1738 532 {1²2²
1751 443 1873 525 ἷζῖἶᾌῖ,
1888 521 1898 536 ‚

142 534 369 588 miratum
388 552 493 585 non
522 533 606 585 nisi
620 532 774 586 otiosa
801 533 1043 602 speetatrix
1067 535 1146 586 est.
1175 536 1220 586 Si
1246 535 1656 592 contendentibus
1678 546 1827 618 Equum
1851 553 1899 574 ⁰?-

138 615 261 669 inter
277 612 323 663 se
339 609 445 663 filiis
464 627 589 680 pater
604 611 840 662 immotus
854 610 1145 667 consisteret,
1175 612 1343 665 merito
1358 613 1423 665 illi
1446 616 1653 687 imputa·
1678 598 1898 684 εἶρῖῃιζνῖἶῖ

138 706 280 747 retur,
295 688 326 741 fi
340 688 454 741 alter
468 689 529 739 ab
544 687 691 740 altero
708 687 948 740 damnum
962 690 1186 760 acciperet
1205 712 1215 739 :
1231 708 1437 761 oportet,
1454 711 1506 745 ut
1521 713 1656 748 nunc

141 786 304 820 amore
321 806 333 831 ,
350 784 485 817 nunc
499 765 735 817 severitate
747 783 828 816 eos
844 764 903 816 ab
919 767 1127 820 invicem
1144 760 1363 820 distrahat
1380 813 1391 832 ,
1420 772 1655 840 ponendo

141 848 186 899 se
202 849 323 897 inter
338 862 419 895 eos
436 841 668 906 medium,
681 845 729 893 ὃ(
747 841 777 892 si
793 861 912 911 opus
926 844 1224 908 fuerit,unius
1240 846 1381 897 etiam
1403 848 1562 900 cauffae
1575 870 1654 920 pa.

138 923 399 976 trocinetui·
416 964 427 983 ‚
451 938 504 972 ut
518 919 630 971 alter
648 920 705 970 ad
718 939 903 991 :equam
921 920 1328 993 compositionem
1352 922 1525 978 adduci
1544 927 1655 996 pos-

138 1001 205 1053 sit.
221 998 404 1050 Eodem
420 1016 617 1069 quoque
632 997 803 1052 modo,
820 997 848 1048 si
864 1015 1074 1062 paternas
1092 1000 1334 1054 Pontificis
1351 1001 1655 1056 admonitio-

141 1096 225 1132 nes
242 1074 400 1127 audire
417 1074 661 1126 noluerint
684 1076 912 1144 Principes
932 1120 944 1139 ‚
969 1076 1000 1127 si
1017 1081 1324 1131 reverentiam
1350 1079 1655 1134 sacrosancta:

138 1157 237 1225 ejus
263 1153 528 1204 auctoritati
544 1152 754 1203 debitam
771 1171 943 1204 exuant
960 1199 972 1216 ,
999 1174 1090 1207 nec
1105 1157 1198 1208 ulla
1218 1158 1315 1226 spes
1334 1158 1518 1227 supeifit
1534 1204 1546 1224 ‚
1573 1178 1656 1211 eos

137 1233 256 1285 inter
274 1230 317 1282 se
335 1231 575 1282 conciliari
594 1229 747 1300 poffe,
763 1231 958 1300 perutile
972 1232 1071 1284 fore
1091 1233 1302 1291 viderur,
1329 1233 1358 1285 si
1383 1235 1553 1289 steterit
1570 1257 1654 1307 pro

135 1325 264 1383 parte
281 1307 435 1380 magis
458 1305 615 1380 aequa,
641 1309 689 1357 ὅ(
708 1310 817 1360 suos
841 1308 1062 1362 reflexerit
1088 1312 1259 1364 oculos
1275 1314 1325 1363 in
1343 1315 1658 1386 tranquillita-

135 1404 235 1440 tem
251 1385 497 1458 publicam
519 1431 530 1448 ‚
554 1388 600 1436 ὅ(
617 1385 956 1439 exaltationem
974 1387 1237 1463 Religionis
1254 1406 1395 1463 atque
1415 1392 1622 1445 Ecclefiae
1641 1436 1655 1457 ,

135 1463 275 1537 eique
292 1481 438 1534 opem
458 1463 640 1526 tulerit,
671 1463 830 1516 donec
854 1466 966 1516 alter
993 1465 1050 1534 ad
1068 1469 1336 1539 aequitatem
1362 1469 1656 1522 traducatur:

135 1546 218 1618 qui
237 1542 370 1594 enim
385 1557 484 1592 tam
501 1540 656 1608 hujus»,
673 1545 821 1614 quam
839 1541 962 1594 illius
977 1538 1426 1616 cauffamapprobat
1443 1589 1453 1609 ‚
1470 1548 1655 1620 utrique

136 1620 379 1691 cooperari
401 1618 682 1672 censebitur.
713 1623 868 1690 Atque
885 1621 933 1671 in
954 1621 1082 1674 Italia
1106 1622 1257 1696 magis
1276 1668 1288 1687 ,
1313 1624 1462 1696 quam
1494 1629 1541 1678 in
1562 1624 1659 1677 ulla

138 1698 225 1752 alia
240 1697 366 1748 orbis
382 1696 595 1767 parteilla
616 1695 908 1749 Pontificum
927 1699 1229 1772 advigilantia
1242 1720 1362 1772 opus
1377 1701 1441 1753 est
1461 1723 1470 1752 :
1490 1721 1608 1754 nam
1626 1701 1660 1753 si

135 1777 277 1828 suum
296 1792 402 1846 erga
430 1776 634 1825 Francos
652 1772 882 1825 affectum
906 1776 970 1827 ita
996 1778 1148 1845 aperte
1169 1777 1315 1829 semel
1335 1778 1660 1847 prodiderint,

135 1869 188 1906 ut
212 1852 259 1903 hi
274 1848 477 1902 subfidia
493 1849 691 1901 illorum
705 1851 754 1898 ὃ(
769 1851 982 1901 favorem
998 1856 1127 1902 certo
1153 1853 1329 1920 sperare
1346 1854 1553 1905 habeant
1568 1895 1580 1917 ,
1605 1857 1659 1907 in

135 1931 287 1998 ipsam
302 1945 502 1999 quoque
517 1926 696 1979 ltaliam
712 1945 842 1979 arma
857 1926 936 1978 sua
953 1927 1122 1979 inferre
1136 1928 1413 1990 audebunt.'
1435 1932 1489 1982 Et
1505 1933 1663 1984 movit

140 2026 194 2060 ea
219 2004 536 2058 consideratio
562 2004 836 2054 nonnullos
865 2004 1118 2055 Pontifices
1137 2049 1149 2067 ,
1176 2022 1229 2056 ut
1249 2008 1487 2075 Hispaniae
1504 2009 1661 2081 magis

137 2085 234 2139 sese
250 2081 467 2134 addictos
480 2080 784 2151 faventel'que
797 2079 1408 2155 exhiberengad‘Franciam
1426 2084 1659 2139 nimirum

139 2158 281 2216 tanto
309 2156 480 2210 melius
508 2157 866 2219 coliibendam3
895 2156 1077 2228 quodfi
1103 2159 1207 2227 quis
1226 2160 1469 2212 interdurn
1487 2159 1662 2215 ductus

95 2269 99 2279 ι
138 2235 292 2311 aliqua
309 2236 458 2309 specie
479 2234 616 2290 boni,
634 2251 713 2286 aut
727 2231 901 2286 affeetu
920 2278 931 2297 ,
944 2252 1023 2286 aut
1047 2235 1247 2288 utilitate
1262 2236 1439 2308 propria
1453 2273 1468 2294 ,
1486 2240 1533 2290 ὅ(
1552 2259 1665 2292 cau-

141 2317 290 2384 tionis
307 2315 708 2368 illiusimmemor
723 2311 1018 2365 saecularibus
1035 2313 1173 2365 armis
1194 2317 1299 2366 usus
1316 2316 1421 2370 fuit,
1437 2317 1486 2366 &
1504 2316 1564 2369 ab
1581 2337 1662 2371 ex-

136 2395 243 2449 teris
260 2393 478 2465 poposcit
494 2390 870 2464 auxilia‚magnis
886 2391 936 2441 in
950 2389 1080 2443 Itali&
1095 2391 1306 2444 motibus
1320 2393 1486 2446 ansam
1504 2392 1661 2461 dedit5

138 2474 209 2527 uti
228 2485 503 2524 memorant
522 2468 742 2520 Historici
760 2469 810 2519 in
836 2469 938 2520 vitis
962 2469 1140 2521 Vrbani
1171 2470 1345 2536 Qarti
1365 2514 1376 2534 ‚
1404 2472 1488 2543 qui
1512 2476 1662 2526 Caro·
1689 2474 1884 2559 {ufir-hist·

106 2604 114 2608 s
139 2553 247 2606 lum
280 2548 534 2601 Provinciae
568 2544 851 2599 Phocaeenfis
878 2546 928 2596 &
959 2545 1174 2599 Andium
1204 2549 1458 2601 Comitem
1495 2568 1662 2605 contra
1688 2537 1866 2622 Μῒὲἰῗιξὶ

138 2625 457 2684 Manfredum
486 2624 728 2695 utriusque
743 2622 903 2675 Siciliae
933 2625 1181 2698 Regemin
1200 2624 1462 2679 subsidium
1487 2647 1659 2682 evoca·
1689 2635 1906 2682 Hisp-libdzss·

138 2708 229 2761 vit:
246 2704 441 2758 Nicolai
458 2701 706 2773 Tertii,qui
726 2703 946 2772 potentiae
963 2704 1104 2777 Regis
1117 2703 1282 2756 Caroli
1299 2703 1566 2759 stimulatus
1587 2708 1658 2759 in·
1685 2698 1712 2719 ς’
1735 2696 1788 2731 ¹3⁸

136 2780 564 2852 vidia,imploravit
579 2798 724 2850 opem
744 2781 855 2831 Petri
876 2779 1016 2853 Regis
1036 2780 1260 2856 Aragonii
1295 2802 1306 2832 2
1336 2782 1527 2836 Nicolai
1557 2788 1575 2835 I
1597 2787 1655 2838 V.

138 2862 355 2934 quicum
387 2857 637 2929 Alplionso
657 2859 785 2931 Rege
812 2858 1055 2931 Aragonio
1070 2858 1287 2912 adversus
1315 2862 1497 2935 Regem
1524 2864 1662 2916 Iaco-

137 2938 260 2993 bum
278 2933 437 2991 foedus
452 2935 582 2986 iniit:
604 2935 837 2988 Bonifacii
854 2937 1046 2999 Octavi,
1063 2938 1145 3009 qui
1166 2937 1396 2990 Iacobum
1417 2943 1662 3014 Aragoniae

135 3019 323 3090 Regem
348 3012 561 3066 laceffivit
580 3057 590 3074 ,
618 3014 667 3063 ὃς
696 3012 721 3064 a
749 3013 932 3065 Carolo
960 3013 1183 3067 Valoesio
1213 3015 1428 3069 Andium
1459 3019 1662 3071 Comite

138 3110 306 3149 contra
321 3090 610 3146 Fridericum
628 3090 792 3144 Siciliae
809 3093 991 3165 Regem
1011 3094 1143 3163 petiit
1161 3095 1397 3167 suppetias
1422 3116 1433 3145 :
1460 3097 1662 3169 fingenii

901 3169 987 3224 Kk
1009 3170 1038 3221 k
1071 3190 1095 3221 2
1500 3171 1672 3242 Qar-
