2394 3768
435 293 829 338 SYMBOLA
883 291 1323 335 POLITICA
1558 294 1644 348 647

126 367 347 436 inquam,
362 360 496 432 quod
512 361 663 436 larcin
673 359 865 432 possunt
880 406 891 426 ‚
907 381 1054 433 quam
1072 359 1208 452 quod
1226 359 1402 435 largiti
1388 378 1483 432 jam
1498 361 1638 415 sunt·

127 443 231 513 plus
244 442 374 490 enim
391 454 512 490 inter
527 438 751 491 homines
769 439 867 508 spes
882 438 1059 507 potest,
1088 438 1278 512 quarnD
1248 438 1500 491 oratitudo.
1534 430 1640 507 Qui

124 536 293 589 pacem
306 534 416 568 auro
429 518 562 579 emit,
576 517 713 567 armis
726 534 832 566 eam
847 515 1097 566 sustentare
1112 534 1216 566 non
1232 518 1415 586 poterit,
1442 520 1497 568 In
1513 535 1641 568 erro-

123 614 222 647 rem
238 593 380 646 istum
398 612 570 646 omnes
586 593 678 644 fere
694 591 988 644 Monarcliiae
1005 592 1243 656 incidunt,
1257 593 1565 665 posteaquam
1581 591 1642 646 ad

122 674 358 742 majorem
385 670 592 742 aliquam
614 670 911 740 pervenerint
940 669 1341 740 amplitudinem,
1361 689 1505 727 auro,
1532 690 1638 744 noln

125 748 413 802 armisillam
437 748 554 799 tueri
585 762 822 799 conantur
840 790 851 809 ,
881 745 1277 819 consumptisque
1304 747 1555 817 thesauris,
1584 749 1637 800 &

123 827 329 880 oneratis
343 824 540 877 subditis
556 866 567 887 ,
581 840 632 876 ut
648 824 876 875 nimirum
895 825 1186 896 Principibus
1200 824 1415 877 finitimis
1431 825 1639 899 largien-

123 904 207 968 do,
222 903 621 957 circumferentias
633 902 812 953 servent
832 901 1009 974 quietas
1026 946 1037 966 ,
1054 903 1207 972 ipsum
1229 918 1447 956 centrum
1461 903 1636 956 robore

121 981 416 1043 destituunt3
440 980 489 1030 &
519 977 700 1032 tametsi
729 979 1020 1052 magnitudo
1045 979 1122 1032 illa
1136 981 1192 1032 ad
1221 996 1410 1050 tempus
1437 977 1637 1052 aliquod

121 1059 420 1122 sustentetur,
437 1057 484 1109 id
501 1074 662 1109 tamen
679 1061 728 1109 in
746 1063 932 1110 ruinam
951 1058 1180 1129 majorem
1197 1059 1338 1132 vergit
1355 1056 1636 1128 posteatco-

120 1137 255 1210 gnita
268 1137 399 1187 enirn
417 1134 495 1187 illa
507 1133 761 1199 debilitate,
776 1137 824 1186 ὅ(
842 1135 1029 1206 perditis
1046 1136 1190 1189 semel
1206 1136 1383 1189 finibus
1398 1134 1637 1192 extremis

121 1213 269 1268 hostis
284 1211 427 1264 nullo
441 1211 696 1265 obsistente
713 1213 772 1265 ad
788 1214 1005 1267 interiora
1020 1215 1166 1287 usque
1193 1231 1417 1286 penetrat.
1445 1217 1513 1266 Ita
1537 1214 1637 1265 Ro-

120 1310 276 1346 mano
297 1291 503 1361 Imperio
521 1290 718 1345 accidit,
744 1291 945 1364 quando
959 1292 1061 1364 post
1086 1311 1159 1345 tot
1177 1294 1397 1379 expensas
1414 1291 1637 1345 inutiliter

119 1370 285 1431 faCtaS,
302 1369 349 1419 ὃ(
366 1367 626 1421 debilitatas
641 1370 879 1440 ejusvires,
900 1373 1207 1442 Imperatores
1225 1372 1421 1443 pecunia
1433 1373 1482 1422 ὃ(
1499 1370 1634 1446 largi-

120 1445 339 1500 tionibus
354 1444 546 1499 Parthos
561 1447 946 1519 Germanosque
964 1449 1215 1502 conciliare
1228 1449 1310 1503 fibi
1329 1449 1643 1502 studuerunt
1621 1482 1641 1505 ,

120 1526 204 1598 qui
222 1525 402 1595 primus
418 1525 563 1577 ruinae
589 1524 784 1578 illorum
799 1526 912 1578 fons
926 1526 1013 1578 fuit
1039 1527 1084 1577 ὃ(
1106 1528 1257 1601 origo.
1300 1530 1417 1579 Eam
1447 1527 1515 1580 ob
1542 1544 1642 1578 rem

118 1601 391 1654 Alcibiades
418 1601 553 1653 suasit
578 1603 838 1667 Tisaferni
864 1619 1057 1656 netmmz
1068 1602 1416 1694 strpendmclas’
1381 1626 1416 1658 ι
1430 1604 1638 1657 Lacedae-
1666 1620 1772 1667 ’Irog
1785 1617 1870 1657 rib.
1855 1607 1884 1667 5.

118 1681 373 1733 moniorum
395 1676 627 1752 praeberet,
649 1680 732 1750 βτί
753 1700 833 1734 nec
845 1679 1033 1734 auxilia
1050 1701 1188 1734 nzmu
1205 1702 1338 1735 emxe
1359 1681 1637 1758 juvandos:

117 1760 278 1832 quippe
289 1774 380 1809 non
395 1759 706 1808 immemorem
720 1757 797 1827 effe
808 1756 991 1813 debere,
1023 1757 1223 1811 alienam
1240 1758 1316 1828 effe
1332 1763 1606 1815 vtd‘t'orianu
1621 1793 1640 1816 2

115 1833 584 1903 nonsuaminfhQnere
596 1837 663 1891 Εἴ
680 1846 877 1885 emenus
890 1832 1050 1885 bellum
1065 1834 1402 1904 sustinendum,
1421 1855 1477 1887 ne
1492 1839 1643 1911 inopia

114 1910 342 1983 deseratur.
361 1915 473 1962 Hoc
486 1912 639 1980 ipsum
658 1910 913 1964 consilium
934 1910 1132 1962 stimulo
1148 1910 1296 1962 nobis
1309 1910 1397 1962 esse
1411 1914 1579 1983 potest,
1583 1913 1643 1965 ad

119 1987 554 2052 considerandum,
579 2006 822 2059 quantum
848 1987 1173 2056 expendatur
1162 2007 1211 2038 in
1242 1991 1441 2061 gratiam
1474 1992 1643 2043 Princi-

114 2085 237 2138 pum
255 2081 521 2116 exterorum
540 2084 682 2128 ,curn
702 2063 873 2136 infigni
902 2062 1039 2133 ipsius
1056 2064 1268 2116 Castellae
1285 2063 1577 2118 detrimento
1590 2070 1644 2118 &1

117 2162 257 2196 cnerv
264 2144 425 2194 atione
430 2159 593 2214 ,quam
608 2158 770 2193 tamen
785 2156 953 2211 utpote
968 2140 1262 2194 Monarcbiae
1278 2142 1424 2196 totius
1437 2147 1647 2215 Conpo-

115 2218 349 2273 tissimum
367 2219 599 2293 sanouine
616 2218 855 2271 abundare
869 2232 1118 2289 oporteret,
1133 2217 1189 2270 ad
1208 2217 1553 2291 dispertiendos
1568 2240 1647 2291 per

117 2299 321 2371 reliquas
340 2297 548 2368 corporis
563 2313 710 2367 partes
724 2294 883 2350 vitales
899 2296 1096 2365 spiritus3
1110 2296 1373 2368 quomodo
1389 2298 1484 2369 ipsa
1498 2298 1645 2353 docet

116 2379 303 2430 Natura
322 2419 334 2439 ‚
349 2378 533 2445 optima
552 2373 754 2445 politicae
774 2372 996 2447 Magistra
1013 2412 1026 2436 ,
1041 2390 1145 2445 quae
1160 2391 1307 2444 partes
1325 2376 1565 2428 interiores
1578 2412 1594 2434 ,
1616 2373 1648 2449 Ιἷι

115 2454 295 2528 quibus
319 2453 411 2506 vita
426 2451 665 2524 dependet
682 2491 696 2516 ,
719 2451 978 2521 majoribus
1004 2452 1122 2505 solet
1140 2451 1324 2516 firmare
1340 2452 1567 2523 praefidiiS.
1597 2456 1646 2526 Si

117 2531 255 2606 quod
269 2529 382 2583 foris
395 2528 521 2601 apud
536 2539 716 2582 exteros
730 2529 976 2582 consumit
1000 2530 1158 2581 metus
1184 2531 1233 2579 ὅ(
1249 2530 1552 2602 sollicitudo,
1583 2531 1644 2603 ad

123 2606 485 2664 consulendum
501 2607 797 2659 Monarchiae
811 2607 1039 2660 securitati
1058 2652 1069 2672 ‚
1084 2610 1205 2659 intra
1223 2608 1318 2678 ipsa
1331 2609 1455 2661 illius
1472 2609 1646 2664 viscera

123 2685 405 2759 expenderet
421 2685 713 2756 providentia
731 2684 952 2756 prudenS,
973 2685 1024 2737 in
1040 2685 1377 2738 conservandis
1390 2686 1484 2761 qua
1503 2687 1644 2745 terra,

122 2765 222 2838 qua
237 2763 355 2816 mari
365 2762 640 2817 exercitibus
659 2807 670 2827 ,
694 2763 744 2814 in
760 2762 1036 2815 muniendis
1052 2761 1392 2836 firmandi‘sque
1409 2764 1559 2817 milite
1574 2785 1652 2819 ca-

123 2842 270 2898 stellis
285 2887 298 2906 ‚
313 2840 494 2894 arcibus
515 2875 530 2897 ‚
547 2839 742 2893 urbibus
759 2885 771 2904 ‚
797 2841 1048 2892 securiores
1065 2842 1222 2892 forent
1240 2859 1432 2894 remotae
1449 2845 1648 2897 Provin-

59 2931 63 2939 ‘
127 2923 226 2978 ciae,
243 2920 290 2972 ὅ(
306 2917 337 2970 s1
356 2937 461 2991 quae
479 2919 766 2972 amitteretur
780 2961 792 2980 ‚
804 2918 1103 2971 interioribus
1120 2918 1293 2972 viribus
1309 2919 1443 2973 facile
1459 2938 1650 2992 recupe-

122 3000 206 3054 rari
224 2995 386 3070 posset.
405 2999 563 3050 Roma
580 2998 694 3049 tueri
712 2994 755 3046 se
769 2996 1001 3065 potuit,&
1019 3015 1123 3069 quae
1139 2996 1199 3049 ab
1211 2997 1489 3051 Hannibale
1507 3000 1649 3051 armis

124 3091 359 3150 occupata
371 3074 573 3134 fuerant,
592 3075 791 3147 recipere
810 3118 821 3139 ,
841 3074 999 3128 immo
1011 3076 1162 3147 ipsam
1180 3089 1380 3131 evertere
1396 3075 1648 3151 Carthagi-'

1510 3165 1646 3220 nem,
