2394 3768
484 324 877 365 SYMBOLA
936 322 1362 367 POLITICA.
1607 337 1685 382 50¹

171 391 346 446 mercio
365 433 376 453 ,
401 392 531 445 unde
547 395 825 446 communis
843 393 894 445 fit
911 394 1183 468 linguarum
1208 395 1317 448 usus
1334 424 1348 460 3
1372 393 1420 447 id
1440 393 1576 468 quod
1593 397 1684 449 do-

170 487 266 522 cere
293 467 443 520 voluit
461 471 727 542 Antiquitas
747 515 758 534 ,
789 471 909 522 dum
938 472 1126 526 clavum
1157 474 1289 526 navis
1306 477 1433 546 Argo
1460 473 1680 528 sermone

167 545 306 598 usum
324 543 454 597 fuisse
472 545 631 611 finxit,
661 564 712 599 ut
726 549 944 601 innueret
961 591 974 612 ‚
1000 548 1142 601 credo
1158 584 1171 605 ‚
1193 548 1314 602 illius
1332 549 1572 603 beneficio
1596 570 1680 604 ex-

167 638 280 674 teras
294 620 404 673 adiri
424 624 473 673 &
488 623 704 676 celebrari
723 625 1014 688 Provincias3
1039 625 1270 697 siquidem
1291 628 1422 680 navis
1439 627 1678 700 guberna·

165 699 331 752 culum
346 699 427 762 est,
442 700 576 772 quod
593 699 784 774 fingulis
799 720 913 772 opes
929 702 978 752 ὃ(
993 701 1174 756 divitias
1188 702 1382 756 aliarum
1400 708 1680 760 communi-

167 792 239 828 cat
255 819 267 837 ‚
298 774 395 828 una
421 778 662 830 Provincia
692 777 819 829 alteri
851 778 1039 831 viciffim
1068 779 1292 854 largiente
1310 823 1323 843 ‚
1353 782 1488 852 quod
1520 784 1678 838 eidem

166 852 290 905 deest
309 872 441 924 5quae
458 854 693 906 necessitas
706 855 755 906 ὃ(
783 854 1044 908 subsidium
1059 874 1288 910 mutuum
1306 858 1602 929 reciprocum
1619 860 1679 914 il·-

164 929 267 983 lum
283 949 496 983 amorem
511 933 560 982 ὅ(
588 931 952 984 familiaritatem
969 932 1106 986 alunt
1128 935 1248 987 inter
1267 933 1494 988 homines
1511 981 1523 1002 ,
1548 956 1676 1011 quo-

163 1026 269 1061 tum
286 1004 411 1060 unus
426 1008 608 1060 alterius
621 1007 761 1079 opera
772 1010 818 1059 ὃ(
833 1009 1006 1063 auxilio
1021 1030 1167 1064 carere
1187 1031 1289 1064 non
1309 1013 1480 1083 potest.

270 1088 327 1142 §-
349 1089 504 1158 Atque
522 1086 618 1138 haec
630 1088 769 1138 maris
787 1089 1002 1157 potentia
1027 1089 1204 1162 Regnis
1218 1090 1508 1161 quibusdam
1524 1091 1675 1166 magis

160 1161 285 1215 utilis
298 1163 380 1227 est,
395 1183 449 1216 ac
463 1162 577 1226 aliis,
597 1183 681 1234 pro
697 1163 881 1217 diverso
895 1164 1161 1217 eorundem
1179 1164 1265 1218 situ
1284 1186 1336 1220 ac
1350 1166 1675 1239 dispositione.

160 1240 458 1293 Monarchiae
475 1243 524 1293 in
545 1240 642 1294 Alia
656 1239 746 1293 sitae
761 1240 873 1295 terra
896 1241 1046 1316 magis
1064 1242 1235 1295 viribus
1249 1244 1470 1318 indigent
1485 1277 1500 1301 ,
1525 1248 1675 1320 quam

159 1317 294 1372 mari.
336 1319 548 1371 Venetiae
562 1320 607 1369 ὅτ
624 1321 811 1383 Genua,
826 1339 1027 1391 quarum
1041 1319 1131 1371 illae
1146 1320 1195 1371 in
1209 1321 1311 1390 ipso
1326 1324 1443 1374 mari
1463 1368 1474 1388 ,
1500 1323 1599 1378 haec
1612 1326 1682 1378 ei-

159 1395 274 1447 dem
290 1396 505 1467 proxima
523 1396 604 1460 est,
617 1413 758 1468 atque
775 1397 836 1449 ita
852 1397 1127 1451 constituta,
1146 1413 1198 1448 ut
1212 1398 1240 1448 s
1234 1399 1419 1468 copulis
1435 1402 1570 1454 maris
1586 1422 1677 1472 po-

158 1472 264 1537 tiuS‚
278 1473 424 1546 quam
444 1491 566 1526 terrae
584 1472 709 1525 sinus
722 1472 809 1526 effe
825 1474 1051 1531 videatur,
1070 1474 1129 1526 ad
1147 1493 1353 1531 ornnem
1370 1478 1605 1531 culturam
1621 1481 1673 1531 &

159 1550 555 1626 agricolationem
586 1551 842 1603 inidoneus
857 1596 870 1617 ‚
911 1550 1054 1605 robur
1082 1553 1105 1603 s
1104 1570 1221 1604 uum
1238 1553 1289 1605 in
1316 1553 1427 1609 velis
1440 1553 1677 1629 remisque

157 1645 348 1699 ponant
363 1629 539 1681 necesse
554 1628 634 1681 est.
674 1631 729 1680 Et
747 1628 908 1699 quoad
924 1648 976 1680 ea
997 1627 1266 1682 habuerunt
1278 1631 1328 1682 in
1348 1634 1512 1702 pretio,
1529 1651 1676 1687 terro-

158 1705 192 1757 ri
205 1706 397 1758 fuerunt
410 1705 513 1757 orbi
528 1705 679 1757 ambae
696 1705 786 1757 illae
806 1705 1110 1776 Respublicae,
1123 1707 1170 1756 ὃ(
1186 1707 1337 1781 gloria
1355 1709 1572 1765 celebres,
1588 1713 1678 1766 Hi-

156 1782 317 1852 spania
333 1825 345 1845 ,
363 1786 505 1854 quaea
526 1782 776 1834 montibus
797 1782 1001 1833 Pirenaeis
1014 1783 1167 1835 versus
1182 1801 1308 1835 mare
1323 1788 1599 1860 porrigitur,
1624 1790 1676 1840 δε

154 1857 283 1932 quasi
300 1860 420 1912 inter
433 1862 689 1912 Oceanum
706 1859 754 1909 &
771 1857 1174 1910 Mediterraneum
1191 1859 1283 1912 sese
1301 1862 1515 1915 mediam
1531 1864 1678 1917 inter-

153 1937 267 2008 jicit,
285 1937 551 2007 potentiam
570 1937 702 1989 suam
717 1935 891 1988 fundet
907 1935 957 1987 in
973 1936 1111 1987 armis
1129 1935 1376 1991 navalibus
1392 1973 1409 1996 ,
1439 1939 1675 2014 siquidem

155 2013 214 2067 ad
231 2014 509 2067 dominium
534 2013 792 2066 universale
818 2012 1009 2082 aspirare
1026 2057 1039 2077 ‚
1080 2012 1299 2086 illudque
1315 2017 1429 2070 tueri
1459 2018 1677 2074 voluerit.

154 2094 264 2144 Nec
292 2090 402 2144 vero
419 2091 541 2142 deest
561 2090 802 2162 dispositio
818 2092 1002 2159 optima
1018 2091 1068 2140 δε
1082 2093 1415 2161 opportunitas
1437 2111 1670 2164 portuum

157 2168 217 2221 ad
234 2186 361 2220 arma
374 2168 455 2220 ista
470 2167 774 2220 sustentanda
793 2213 804 2232 ‚
830 2167 879 2217 &
903 2167 961 2219 ad
977 2166 1338 2236 impediendam
1353 2170 1552 2225 aliarum
1566 2176 1672 2225 Na-

157 2247 353 2299 tionum
372 2245 746 2318 navigationem,
759 2263 862 2316 quae
878 2243 1088 2314 ejusdem
1107 2243 1343 2298 beneficio
1358 2264 1473 2319 opes
1488 2248 1570 2303 fibi
1588 2270 1670 2304 ac-

157 2322 415 2376 cumulant
431 2368 443 2387 ,
461 2324 507 2373 6<
527 2338 807 2393 comparant
824 2322 939 2375 vires
954 2355 970 2377 ‚
988 2322 1164 2394 quibus
1180 2321 1357 2377 deinde
1377 2326 1671 2381 Monarchiae

158 2401 255 2454 His
250 2401 428 2472 panicae
457 2398 581 2452 bella
608 2399 836 2452 inferunt.
877 2398 960 2450 Ob
975 2417 1088 2451 eum
1116 2398 1265 2453 finem
1283 2402 1574 2458 conduceret
1601 2424 1674 2459 ar-

160 2485 253 2531 mis
278 2478 420 2530 etiam
437 2476 680 2530 consulere
702 2477 931 2530 securitati
947 2477 1351 2532 commerciorum
1367 2483 1416 2533 &
1435 2499 1673 2536 mercatu-

159 2574 232 2619 τε,
247 2573 351 2627 quae
367 2553 656 2628 longinquas
675 2553 1000 2629 navigationes
1016 2553 1177 2608 secum
1195 2553 1353 2621 affert,
1368 2578 1422 2611 ex
1439 2560 1671 2631 portubus

157 2635 520 2685 armamentaria
536 2635 584 2683 ὃ(
608 2636 818 2706 granaria
832 2628 1176 2687 efficit‚instruit
1186 2651 1269 2685 eos
1285 2635 1423 2688 rebus
1437 2639 1672 2691 omnibus

156 2729 242 2782 pto
259 2710 461 2761 exercitu
475 2708 734 2762 necessariis
749 2752 761 2774 ,
778 2708 939 2761 tribuit
955 2711 1128 2783 Regno
1143 2753 1156 2774 ,
1172 2709 1303 2765 unde
1318 2712 1504 2766 alantur
1521 2718 1669 2788 copiae

154 2786 395 2850 militam,
410 2804 547 2861 auget
564 2787 771 2859 denique
784 2786 903 2839 illud
921 2832 934 2851 ‚
964 2788 1010 2838 ὃ(
1026 2791 1309 2859 frequentari
1325 2792 1436 2845 facit
1455 2793 1667 2847 abinco·
1694 2821 1706 2837 2
1729 2818 1892 2863 oryre‚tu

153 2863 227 2919 lis.
265 2866 444 2918 Haec&
471 2865 558 2917 alia
573 2863 842 2920 commoda
864 2863 1081 2918 Ezechiel
1098 2865 1376 2920 adumbrare
1399 2869 1549 2922 voluit
1579 2871 1667 2924 sub
1694 2862 1912 2910 dixffl¹³pe⁷f³0

1695 2915 1732 2945 sti
1746 2913 1846 2946 decoris
1864 2925 1915 2959 ego

157 2940 385 3017 Allegoria
400 2943 611 3005 navium,
628 2943 803 3016 quibus
817 2945 967 3014 Tyrus
985 2943 1165 3011 (civitas
1177 2954 1195 2976 ‘²
1208 2946 1257 2998 in
1268 2945 1393 2999 corde
1404 2948 1661 3022 marbsfitu)
1684 2959 1803 3007 sum,&
1814 2964 1843 2995 in
1853 2973 1916 2996 cor-

150 3019 372 3072 utebatur
387 3020 445 3072 ad
463 3021 774 3074 exercendam
805 3039 917 3072 cum
930 3021 1222 3074 Nationibus
1250 3025 1482 3078 omnibus
1509 3045 1664 3101 nego-

153 3099 408 3152 tia-tionem
429 3141 443 3164 ,
472 3098 705 3172 fiquidem
719 3097 779 3152 ad
790 3097 923 3152 illam
938 3099 987 3150 &
1000 3116 1144 3155 naves
1157 3102 1207 3152 δε
1227 3118 1381 3154 nautae
1394 3102 1666 3176 frequentes

1471 3200 1674 3236 coneur-

1690 3009 1723 3043 de
1745 3013 1830 3044 maris
1842 3009 1912 3056 fita.

1694 3059 1834 3094 Ezeclm.
1844 3068 1912 3104 7.3a
