2394 3768
454 947 456 949 ,
477 917 561 952 Tac.
576 910 633 948 lib.
645 920 676 948 2.

483 964 613 1000 Hister.

483 1186 603 1222 Claud.

483 1390 566 1424 Tac.
583 1388 639 1424 lib.
648 1400 658 1423 i
667 1414 675 1423 .

489 1437 577 1473 Hist.

505 2560 615 2598 Tacit.
630 2555 725 2596 lib.2.

503 2611 594 2647 Hist.

727 291 807 330 218
1095 284 1405 324 DIDACI
1464 281 1928 322 SAAVEDRAE

729 358 754 411 ὸ
771 358 826 410 de
838 358 1075 409 enatieza.
1107 355 1226 403 Eam
1241 350 1311 404 ob
1324 369 1447 415 rem,
1462 348 1555 404 five
1573 368 1688 403 eum
1703 350 1896 402 fortuna
1910 351 2122 404 secunda
2137 351 2285 405 servet

730 437 991 507 integrum,
1008 429 1099 484 five
1119 430 1305 504 frangat
1320 428 1526 493 adversa,
1543 428 1676 480 idem
1692 429 1876 499 semper
1888 430 1939 481 in
1956 448 2016 482 eo
2030 429 2190 484 vultus
2206 448 2288 500 ap-

728 524 887 583 pareat
914 522 1121 580 oportet.
1163 506 1325 574 Qiod
1341 507 1545 580 quidem
1573 508 1625 559 in
1653 504 1864 560 secunda
1886 504 2126 561 difficilius
2140 543 2157 565 ,
2174 507 2288 580 quia

731 586 935 642 affeetus
951 585 1012 639 de
1029 585 1074 639 se
1090 584 1232 639 facile
1248 589 1463 639 emicant
1478 630 1491 650 ‚
1514 586 1565 637 ὅ(
1585 586 1705 638 ratio
1721 604 1839 638 cum
1868 584 2020 659 gloria
2033 586 2293 642 evanescit.

732 671 970 720 Attamen
985 664 1368 739 magnanimum
1383 667 1549 735 pestus
1566 664 1592 716 a
1604 663 1797 717 summa
1811 664 1955 715 etiam
1972 664 2198 717 felicitate
2210 662 2285 716 ef-

730 744 839 799 ferri
855 745 901 797 se
920 761 1028 798 non
1042 741 1150 795 sinit
1166 769 1180 807 5
1195 741 1264 795 uti
1293 742 1346 794 in
1377 741 1670 814 Vespasiano
1704 740 1860 795 videre
1885 741 2017 796 licuit
2034 762 2044 791 ι
2063 761 2181 795 nam
2206 738 2290 793 etsi

733 823 999 878 communi
1014 822 1247 874 omnium
1260 819 1584 873 consensione
1612 824 1875 892 Imperator
1898 819 2295 885 consalutaretur‚

735 898 861 957 nihil
869 917 1035 954 tamen
1052 900 1101 953 in
1111 899 1198 975 ipsc}
1211 897 1447 953 tumidum
1462 933 1479 957 ,
1495 917 1709 974 arrogans
1721 935 1736 957 ,
1752 911 1836 951 aut
1849 900 1898 952 in
1911 896 2040 951 rebus
2056 901 2196 951 novis
2209 916 2292 950 no-

734 998 861 1034 vum
862 978 978 1053 fhit.
1015 977 1254 1051 Qisquis
1265 976 1364 1031 una
1377 996 1494 1030 curn
1507 975 1704 1030 fortuna
1719 978 1891 1031 animu
1901 996 1954 1030 m
1972 993 2130 1029 mutat
2147 1020 2160 1042 ‚
2173 975 2290 1029 fate-

735 1074 811 1112 tur
827 1076 937 1111 earn
949 1057 996 1109 se
1013 1075 1119 1109 non
1135 1055 1457 1128 promeruiffe3

878 1135 1021 1189 From
1023 1135 1218 1209 privata
1229 1147 1406 1198 manet,
1420 1132 1565 1206 nonse
1579 1129 1780 1205 meruiſj}
1783 1132 1973 1207 fatetur,

878 1209 996 1285 Qi
1006 1207 1188 1283 creviffi?
1196 1225 1345 1288 putat.

734 1295 853 1345 Haec
869 1291 1098 1345 constans
1109 1288 1348 1343 modestia
1361 1287 1508 1342 etiam
1524 1289 1575 1341 in
1590 1285 1760 1343 Pisone
1772 1287 1971 1342 enituit:
1991 1307 2109 1341 nam
2138 1288 2295 1360 adop-

735 1384 862 1422 tatus
876 1367 903 1423 ἐι
918 1368 1089 1433 Galba,
1102 1365 1286 1421 nullum
1296 1364 1470 1423 turbati
1478 1380 1562 1421 aut
1575 1364 1828 1421 exultant&
1843 1369 1995 1421 animi
2005 1379 2186 1419 motum
2191 1382 2298 1443 pro-

736 1445 882 1502 didit:
881 1448 1038 1521 firmo
1049 1465 1153 1521 erga
1162 1459 1343 1522 patrem
1375 1444 1784 1523 Imperatorfmque
1798 1462 2012 1498 reverens
2026 1466 2044 1498 .·
2074 1443 2189 1518 dese
2199 1463 2297 1497 mo-

734 1523 919 1578 demtus
934 1546 952 1578 .·
964 1522 1086 1580 nihil
1089 1527 1139 1578 in
1156 1521 1315 1588 vultu,
1328 1520 1580 1599 habitaque
1597 1536 1826 1577 mutatus:
1838 1522 1968 1599 quast
1980 1525 2193 1600 imperare
2200 1521 2300 1598 posl

721 1604 798 1675 stt
807 1599 960 1678 magis
972 1601 1144 1681 ,qudm
1159 1600 1317 1658 evellet.
1359 1601 1451 1654 Sed
1464 1602 1516 1652 ὃ(
1541 1600 1567 1653 a
1580 1599 1763 1653 cafibus
1789 1592 1987 1656 ad⁴versis
2012 1600 2301 1656 Fortitudini

736 1681 861 1735 solet
873 1680 962 1735 effe
973 1680 1244 1754 periculum
1264 1678 1359 1733 :illi
1374 1679 1512 1731 enim
1537 1677 1765 1730 homines
1782 1677 2068 1751 plerumque
2083 1698 2177 1732 nec
2189 1679 2300 1752 opi-

739 1775 913 1812 nantes
930 1758 1166 1821 obruunt5
1179 1754 1293 1809 cum
1313 1773 1467 1808 nemo
1481 1755 1741 1828 quisquam
1752 1756 1846 1808 fere
1859 1754 1912 1808 sit
1930 1800 1943 1820 ,
1954 1757 2039 1829 qui
2052 1755 2301 1810 calamita-

738 1851 808 1887 tes
823 1852 1130 1907 omnes,quae
1142 1831 1355 1887 accidere
1367 1830 1452 1886 fibi
1468 1830 1805 1904 po‚ffunt‚serio
1823 1834 2152 1908 cogitet.Qae
2167 1835 2302 1888 caus-

740 1912 790 1964 sa
803 1912 887 1977 est,
904 1930 985 1966 cur
1000 1911 1258 1984 plerosque
1270 1911 1565 1974 incaut05,&
1580 1929 1635 1962 ex
1651 1911 1914 1982 improviso
1927 1930 1990 1963 eae
2006 1914 2306 1983 opprimant,

742 1991 795 2042 ὅ(
811 2009 894 2042 cur
919 1990 1171 2061 tantopere
1201 2004 1322 2040 tunc
1347 1988 1665 2041 conturbetur
1682 1990 1876 2040 animus
1891 2031 1905 2051 ,
1919 2006 2003 2042 aut
2025 2006 2215 2061 propter
2230 1996 2305 2045 ni-

741 2070 902 2121 mium
942 2066 1231 2120 felicitatum
1249 2083 1487 2127 amorem,
1500 2083 1618 2137 quas
1631 2065 1812 2118 amittit
1825 2110 1837 2131 ,
1853 2082 1934 2119 aut
1951 2067 2020 2121 ob
2034 2069 2303 2139 periculum

745 2146 867 2209 vitae,
884 2145 1018 2216 cujus
1035 2141 1352 2218 prorogandae
1370 2141 1657 2196 desiderium
1670 2143 1909 2197 omnibus
1924 2143 1950 2197 a
1965 2143 2129 2199 natura
2142 2147 2206 2199 est
2224 2149 2305 2201 in-

749 2221 928 2278 ditum.
966 2225 1024 2274 In
1038 2220 1141 2274 aliis
1156 2221 1329 2274 locum
1349 2219 1562 2274 habeant
1587 2220 1700 2273 licet
1718 2221 1950 2293 pastiones
1980 2223 2074 2275 istae
2091 2267 2104 2286 ,
2117 2244 2225 2279 non
2250 2229 2304 2280 in

753 2301 986 2374 Principe,
1000 2300 1135 2369 cujus
1153 2299 1219 2351 est
1236 2316 1390 2372 regere
1406 2298 1526 2350 alios
1540 2299 1710 2351 tamin
1728 2298 1917 2354 adversa
1931 2301 2139 2369 fortuna,
2150 2302 2303 2377 ‘quarn

755 2376 998 2452 prospera,
1013 2378 1065 2428 ὃ(
1091 2374 1344 2449 placidum
1368 2376 1554 2448 semper
1579 2395 1634 2429 ac
1662 2376 1995 2449 compositum
2026 2398 2114 2452 prae
2128 2383 2159 2432 s
2152 2401 2177 2435 e
2191 2382 2305 2436 ferre

754 2457 947 2513 vultum
961 2499 974 2521 ,
986 2456 1038 2507 &
1053 2453 1197 2510 verba
1213 2454 1462 2526 intrepida5
1473 2453 1628 2527 qualis
1641 2454 1780 2508 Otho
1791 2456 1900 2520 fuit,
1916 2458 2063 2511 etiarn
2096 2462 2305 2531 Imperio

756 2551 926 2590 exutus
939 2570 957 2593 ,
991 2530 1231 2588 ‘Placidus
1245 2550 1317 2585 ore
1330 2577 1343 2598 ‚
1358 2531 1614 2610 intrepidm
1625 2530 1781 2587 verbis
1798 2579 1811 2599 ,
1822 2535 2174 2613 intempestivas
2191 2539 2301 2611 suo.

755 2633 861 2669 rum
871 2609 1129 2688 lachrymas
1138 2617 1351 2666 coercem.
1380 2614 1440 2664 In
1458 2627 1661 2665 cruento
1674 2610 1766 2664 illo
1781 2612 1941 2685 praelio
1953 2614 2012 2666 ad
2025 2618 2075 2667 N
2079 2635 2186 2671 avas
2201 2621 2301 2670 To-

754 2691 868 2746 losae
882 2695 984 2745 Rex
996 2690 1275 2764 Alphonsus
1289 2691 1342 2740 N
1344 2708 1472 2742 onus
1487 2688 1656 2743 eadem
1668 2688 1852 2764 semper
1868 2693 2037 2759 animi,
2050 2693 2306 2767 vultusque

756 2768 1001 2825 serenitate
1011 2769 1136 2823 inter
1151 2786 1281 2824 arma
1294 2766 1613 2839 perseveravit.
1629 2767 1812 2823 Nullus
1827 2789 2049 2843 unquam
2064 2774 2195 2827 casus
2209 2776 2306 2826 Re-

757 2848 830 2922 gis
845 2847 1132 2901 Ferdinandi
1149 2845 1394 2901 Catholici
1422 2844 1655 2898 affectum
1672 2889 1686 2910 ‚
1702 2863 1784 2900 aut
1807 2847 2068 2921 paffionem
2093 2849 2309 2925 detegere

760 2926 936 2997 potuit.
979 2926 1137 2979 Laesus
1148 2922 1416 2999 aliquando
1428 2924 1626 2997 graviter
1643 2925 1670 2976 a
1695 2926 1879 2979 furioso
1904 2925 2124 2999 quodam
2153 2931 2312 2982 Barci-

762 3001 1038 3066 none,nihil
1049 3002 1161 3056 ideo
1175 3001 1478 3057 commoveri
1496 3001 1619 3054 visus
1639 3003 1745 3068 fuit,
1760 3003 1881 3057 illud
1896 3003 2058 3057 solum
2075 3007 2309 3078 praecepit,

758 3098 814 3136 ut
830 3081 1102 3137 invasorem
1118 3083 1405 3155 coercerentf
1421 3078 1627 3135 Carolus
1642 3081 1862 3151 Quintus
1879 3086 2137 3153 Imperator
2152 3124 2166 3148 ‚
2194 3086 2310 3138 cum

2139 3163 2312 3239 ingol-
