2394 3768
697 321 777 359 686
1023 313 1877 356 DIDACISAAVEDRAE

697 388 764 439 do
782 385 939 457 postea
951 384 999 433 ἃ
1017 379 1353 435 conservando
1365 377 1558 434 crevere.
1588 380 1765 434 Iisdem
1781 400 1835 433 ex
1852 380 1997 435 causis
2012 421 2026 446 ,
2041 399 2094 435 ex
2111 384 2222 458 qui·

700 466 789 517 bus
805 462 991 514 bellum
1008 460 1186 531 justum
1204 458 1268 510 est
1287 459 1336 509 &
1353 457 1560 517 licitum,
1577 475 1820 531 partorum
1839 478 2037 533 quoque
2051 461 2218 515 deten-

699 541 894 610 tiojusta
910 536 1108 590 efficitur
1126 556 1181 588 ac
1198 535 1335 589 licita.
1362 535 1568 607 Spoliare
1586 572 1601 595 ‚
1622 555 1674 591 ut
1690 538 1898 591 restituas
1913 582 1926 603 ,
1940 538 2220 610 imprudens

697 622 745 669 δε
761 616 1039 686 sumptuosa
1069 615 1230 669 levitas
1259 614 1338 666 est.
1381 613 1589 667 Nullum
1616 614 1663 668 se
1691 617 1898 686 accipere
1926 614 2219 671 beneficium

693 696 1027 766 existimat‚qui
1043 693 1185 745 hodie
1199 691 1516 765 rccipit‚quod
1530 693 1624 745 heri
1644 694 1774 747 bello
1789 711 1990 747 cruento
2001 711 2217 765 ereptum

694 776 733 826 ei
752 775 916 828 fuerat.
944 772 1240 824 Arbitrantur
1260 772 1513 843 PrincipeS,
1531 771 1827 825 restitutione
1845 791 2013 843 pacem
2030 773 2074 823 se
2091 771 2218 843 posse

693 870 848 904 emere
863 895 875 913 ,
889 852 936 901 ὅτ
956 849 1141 902 bellurn
1161 847 1245 900 fibi
1261 849 1525 902 accersunt.
1551 849 1712 917 Qod
1726 849 2039 921 occuparunt,
2052 850 2222 904 formi-

692 929 871 983 dabiles
884 947 966 981 eos
983 927 1135 980 reddit
1152 966 1165 990 ,
1190 926 1325 999 quod
1343 926 1622 985 restituunt,
1655 928 2047 1000 contemptibiles
2066 973 2079 994 ,
2107 931 2218 1002 quia

687 1008 896 1080 plerique
910 1007 1060 1058 animi
1074 1004 1302 1059 vilitatem
1321 1006 1701 1076 interpretantur,
1715 1008 1764 1058 ὃ(
1782 1006 1811 1058 si
1832 1007 1989 1078 postea
2007 1010 2213 1078 poenitu—

691 1086 806 1138 dine
825 1084 1058 1147 dueti2aut
1075 1082 1262 1136 laceffiti
1278 1082 1401 1136 illud
1416 1102 1682 1155 recuperare
1700 1084 2032 1148 contendunt,
2045 1088 2223 1161 ingen-

687 1180 758 1219 tes
779 1163 1078 1234 experiuntur
1095 1158 1414 1214 difficultates,
1446 1163 1636 1216 Vallem
1664 1162 1888 1216 Tclinam
1906 1163 2123 1232 Maiestas
2136 1165 2219 1218 sua

688 1247 775 1311 (ut
788 1239 1020 1294 invidiam
1035 1259 1242 1292 omnem
1258 1241 1307 1290 δε
1323 1238 1511 1293 bellurn
1526 1239 1754 1315 effugeret
1768 1242 1785 1310 )
1801 1242 1851 1293 in
1869 1241 1987 1294 sedis
2014 1242 2219 1313 Aposto-

687 1320 788 1374 licae
804 1318 1047 1372 arbitrium
1068 1316 1444 1392 consignaverat,
1467 1317 1561 1392 qua
1578 1319 1754 1371 deinde
1768 1316 1792 1372 a
1805 1322 1990 1380 Francis
2004 1339 2218 1389 occupa-

687 1396 732 1452 ta
747 1433 763 1455 ‚
797 1399 953 1450 Status
968 1396 1345 1449 Mediolanenfis
1359 1397 1410 1448 in
1429 1396 1688 1451 discrimen
1703 1398 1835 1450 venit
1851 1441 1864 1461 ‚
1887 1397 1936 1448 ὅ(
1953 1415 2056 1450 tota
2084 1398 2216 1451 Italia

684 1494 932 1529 armorum
949 1474 1164 1528 tumultu
1182 1475 1470 1528 conturbata
1487 1475 1594 1528 fuit.
1608 1477 1906 1528 Detentione
1923 1495 2217 1549 eorumquae

684 1570 919 1625 occupata
933 1554 1144 1618 fuerunt,
1164 1553 1414 1628 castigatur
1431 1555 1736 1616 temerita5,&
1751 1552 1966 1606 firmatur
1982 1556 2216 1625 potentia,

682 1632 810 1685 velut
828 1632 1108 1706 pignoribus
1134 1630 1427 1704 quibusdam
1442 1667 1460 1689 ‚
1489 1631 1549 1684 ad
1564 1631 1891 1684 obtinendam
1912 1651 2080 1704 pacem
2098 1676 2110 1696 ,
2135 1632 2220 1686 ubi

682 1710 924 1763 ncceffitas
949 1709 1269 1781 postulaverit.
1295 1712 1512 1781 Tempus
1538 1711 1695 1780 ipsum
1713 1712 1762 1761 δε
1786 1710 1976 1763 occasio
2003 1709 2219 1763 erudient

679 1788 935 1857 Principes,
950 1787 1128 1858 quibus
1143 1789 1193 1839 in
1214 1786 1394 1840 cafibus
1410 1789 1709 1853 retinere,aut
1722 1788 1956 1840 restituere
1971 1803 2190 1857 oporteat
2203 1833 2217 1850 ,

679 1864 738 1916 ad
756 1863 977 1916 evitanda
1011 1865 1191 1930 majora
1205 1863 1530 1914 incommoda
1545 1865 1596 1912 ὅ(
1611 1863 1830 1934 pericula,
1843 1883 1948 1935 quae
1961 1865 1986 1916 a
2006 1865 2221 1934 pruden-

681 1939 742 1991 tia
756 1956 919 1990 tamen
941 1974 957 1994 ,
984 1957 1087 1990 non
1114 1939 1175 1990 ab
1189 1937 1459 1990 ambitione
1473 1939 1750 1992 aestimanda
1766 1943 1879 1992 sunt
1898 1985 1911 2004 ,
1939 1943 2071 2011 cujus
2087 1962 2220 1996 coeca

681 2016 912 2086 cupiditas
931 2018 983 2066 iis
999 2017 1116 2084 saepe
1134 2014 1302 2066 mediis
1317 2046 1334 2069 ,
1363 2015 1541 2085 quibus
1552 2017 1708 2067 Status
1736 2015 1928 2068 dilatare
1945 2018 2189 2090 cogitabat
2206 2063 2219 2085 ‚

679 2092 876 2145 eosdem
890 2091 1162 2144 imminuit.

787 2175 839 2227 §-
873 2168 1041 2221 Solent
1071 2169 1307 2240 Principes
1322 2171 1448 2241 pacis
1465 2183 1687 2239 tempore
1714 2171 1855 2227 facile
1870 2171 1982 2226 loca
1996 2175 2220 2246 quaedam

676 2249 943 2301 munitiora
957 2249 981 2298 ὲ
998 2247 1090 2299 suis
1107 2246 1336 2300 manibus
1348 2246 1588 2301 dimittere
1602 2284 1618 2304 ‚
1637 2250 1773 2321 quod
1788 2251 2044 2325 ingruente
2059 2254 2222 2325 postea

676 2326 809 2380 bello
825 2361 840 2383 ,
858 2324 937 2378 sed
956 2324 1093 2377 serius
1111 2360 1127 2381 ‚
1155 2323 1427 2396 deplorant.
1455 2326 1711 2379 Neceffitas
1729 2329 1928 2398 praesens
1939 2333 2220 2400 praeteritam

679 2404 866 2458 accusat
883 2402 1231 2456 liberalitatem.
1249 2402 1398 2455 Nulla
1415 2405 1634 2472 potentia
1651 2421 1848 2461 tanturn
1862 2407 1922 2459 de
1937 2406 2082 2479 seipsa
2097 2429 2220 2464 con-

681 2482 825 2545 fidat,
852 2498 905 2533 ut
922 2479 967 2534 se
982 2500 1088 2534 non
1107 2480 1346 2533 omnibus
1372 2480 1468 2533 istis
1489 2499 1576 2551 pro
1598 2481 1880 2537 defenfione
1896 2483 1974 2537 sua
2000 2487 2218 2563 indigere

677 2561 926 2614 existimet.
942 2562 1064 2612 Non
1079 2572 1265 2633 ungues
1280 2559 1391 2611 suos
1404 2559 1559 2631 aquila
1575 2563 1772 2629 exuit,&
1786 2562 1817 2615 fi
1834 2562 1882 2615 id
1896 2564 2083 2632 faceret,
2099 2568 2217 2619 mox

677 2639 965 2711 reliquarum
994 2639 1154 2692 avium
1178 2638 1301 2690 foret
1333 2635 1599 2691 ludibrium
1617 2661 1629 2690 ε
1657 2659 1818 2715 neque
1833 2642 1968 2694 enim
2002 2642 2138 2696 illam
2162 2660 2217 2698 ut

678 2718 922 2791 Reginam
935 2732 1221 2771 venerantur
1237 2761 1250 2781 ,
1267 2712 1335 2768 ob
1350 2721 1447 2786 ejus
1461 2715 1586 2769 forte
1597 2717 2007 2789 pulchritudinem
2026 2763 2040 2785 ,
2069 2720 2216 2794 siqui-

681 2794 795 2849 dem
815 2798 940 2848 Pavo
958 2792 1108 2868 longe
1123 2793 1187 2846 est
1201 2793 1483 2868 elegantior,
1495 2794 1579 2850 sed
1590 2815 1780 2868 propter
1793 2798 2034 2870 unguium
2051 2800 2209 2853 robur.

679 2874 852 2942 Majori
867 2873 920 2928 in
936 2873 1241 2926 veneratione
1253 2906 1269 2928 ‚
1284 2868 1535 2945 magisque
1551 2872 2001 2933 securaforethodic
2015 2878 2066 2930 in
2085 2878 2214 2932 Italia
2249 2885 2253 2889 ’

681 2951 934 3003 auctoritas
947 2949 1038 3001 suae
1055 2950 1328 3019 Majestati3‚
1341 2947 1373 3000 fi
1391 2950 1706 3009 conserv-affet
1718 2956 1907 3008 Statum
1928 2956 2209 3014 Senensem‚

681 3026 943 3099 praesidium
975 3025 1102 3078 urbis
1134 3027 1386 3081 Placentiae
1401 3071 1417 3091 ,
1457 3027 1787 3106 similiumque
1802 3031 2030 3086 locorum
2047 3077 2060 3097 ,
2104 3054 2208 3107 quae

680 3105 885 3159 aliorum
900 3104 1091 3158 arbitrio
1115 3103 1322 3159 tradidit.
1362 3107 1443 3158 Ne
1463 3107 1700 3162 restitutio
1727 3109 1932 3182 quidem
1949 3109 2106 3164 Status
2123 3112 2206 3164 ali·
2275 3101 2281 3109 ’

2079 3207 2211 3258 cujus
