2394 3768
737 333 815 376 440
1095 319 1938 360 DIDACISAAVEDRAE

742 392 856 443 dem
886 405 1085 459 quoque
1114 386 1360 458 prudentia
1388 388 1435 438 ὃ(
1457 387 1792 440 moderatione
1811 389 1960 441 animi
1991 392 2086 441 Rex.
2118 387 2265 442 Ferdi-

745 465 937 521 nandus
951 463 1250 528 Catliolicus,
1269 463 1458 517 mortua
1476 463 1651 539 Regina
1665 464 1854 517 lsabella
1875 509 1886 529 ,
1916 470 2053 541 Regis
2067 466 2265 519 titulum

743 543 961 612 usurpare
989 541 1150 594 noluit
1167 577 1182 598 ‚
1225 542 1333 593 solo
1349 543 1689 595 Gubernatoris
1708 542 1966 594 Castellani
1987 561 2266 595 contentus.

743 624 901 673 Status
917 619 1118 691 quidam
1136 621 1186 672 in
1206 619 1351 683 ltalia,
1366 621 1448 692 qui
1466 620 1524 672 ad
1543 621 1843 690 Majestatem
1861 621 2036 693 regiam
2052 625 2269 691 aspirant,

741 696 1008 762 videbunt,
1023 700 1198 768 opinor
1218 741 1230 761 ,
1257 695 1461 750 successu
1479 700 1706 769 temporis
1723 701 1739 765 (
1757 699 1945 750 utinam
1960 699 2038 749 ista
2055 717 2131 749 me
2144 697 2271 749 fallat

742 776 941 847 opinio!
978 778 995 845 )
1026 778 1086 828 ab
1114 774 1310 846 antiqua
1338 776 1552 828 recedere
1582 774 1812 827 modestia
1848 774 1965 828 niliil
1996 774 2083 827 effe
2111 774 2238 826 aliud
2257 817 2271 838 ,

741 854 893 928 quarn
923 853 1200 907 universain
1220 853 1476 905 discrimen
1496 853 1731 907 adducere
1752 898 1762 917 ‚
1788 854 1835 902 ὃς
1855 853 2120 923 perturbare
2149 852 2271 905 velle

742 931 1141 1005 tranquillitatem
1170 930 1416 1002 publicam
1448 953 1460 981 ε
1488 933 1792 1004 nequeenim
1811 931 1939 983 ltalia
1966 929 2269 999 semetipsam

742 1012 857 1064 ferre
876 1011 1046 1081 poterit
1063 1053 1074 1072 ‚
1102 1007 1133 1059 fi
1151 1025 1225 1060 tot
1242 1010 1392 1079 capita
1418 1012 1610 1062 coronis
1638 1009 1854 1061 redimita
1878 1011 2001 1061 intra
2019 1008 2135 1059 fines
2166 1006 2274 1060 suos

740 1086 923 1143 viderit.
942 1085 1220 1140 Minoribus
1238 1105 1352 1139 cum
1366 1087 1699 1140 incommodis
1715 1085 1869 1138 Status
1883 1086 2079 1154 alicujus
2096 1085 2271 1137 limites

739 1164 922 1217 dilatari
937 1163 1124 1222 solent,
1150 1164 1299 1237 quam
1316 1165 1508 1217 interior
1526 1164 1856 1235 amplitudinis
1873 1164 2027 1215 forma
2042 1165 2275 1214 immuta·

737 1245 773 1297 ri
788 1270 802 1307 5
816 1259 867 1295 ut
886 1259 966 1295 aut
981 1261 1095 1296 cum
1115 1243 1376 1313 majoribus
1394 1244 1453 1294 de
1467 1243 1698 1317 dignitate
1717 1240 2002 1304 contendat,
2019 1258 2097 1292 aut
2115 1259 2274 1310 aequa-

740 1321 807 1379 les
821 1320 1044 1393 despiciat
1064 1343 1074 1371 :
1092 1319 1144 1372 eci
1160 1322 1292 1373 enim
1312 1339 1357 1372 re
1372 1322 1559 1393 utrique
1573 1321 1691 1373 vane
1707 1321 1958 1372 irritantur.
1988 1323 2024 1368 A
2043 1337 2272 1371 commu·

740 1402 950 1452 nitatum
964 1398 1282 1471 inaequalitate
1302 1400 1584 1452 communis
1599 1418 1699 1450 orta
1714 1398 1776 1449 est
1795 1396 2090 1450 dominatio,
2131 1399 2188 1447 ln
2213 1395 2273 1448 il-

736 1478 794 1531 lis
808 1480 958 1533 vivere
978 1523 990 1542 ,
1023 1496 1113 1530 nec
1130 1477 1288 1529 ullum
1306 1478 1501 1551 agnosci
1523 1478 1839 1547 Principatum
1855 1521 1866 1540 ‚
1889 1475 2009 1527 istud
2025 1474 2089 1525 est
2106 1518 2119 1538 ,
2137 1473 2273 1546 quod

736 1575 814 1609 eas
838 1555 1088 1611 conservat
1116 1554 1301 1609 liberas.
1340 1557 1385 1607 Si
1415 1556 1597 1628 spiritus
1626 1557 1735 1629 regii
1753 1553 2072 1613 seminentur,
2109 1551 2271 1622 pullu-

737 1635 913 1688 labunt
941 1633 1241 1687 Monarcliiae
1270 1632 1491 1687 desideria
1510 1678 1521 1697 ‚
1560 1651 1664 1705 quae
1693 1632 1892 1685 libertati
1920 1632 2116 1683 exitium
2143 1629 2273 1682 adfe-

736 1729 865 1766 runt.

849 1795 903 1847 5.
946 1793 1036 1842 Pax
1051 1788 1262 1860 denique
1282 1793 1298 1860 (
1318 1804 1369 1841 ut
1385 1788 1496 1841 alibi
1517 1786 1754 1856 dicimus)
1774 1786 1852 1839 illa
1867 1786 1930 1838 est
1948 1803 2094 1856 ,quse
2109 1787 2275 1856 Regna

738 1866 960 1939 acquisita
980 1866 1274 1953 potiffimum
1291 1883 1472 1929 tuetur,
1487 1865 1768 1916 dummodo
1782 1884 1869 1935 pax
1885 1863 1964 1915 ista
1981 1862 2187 1913 studiosa
2179 1831 2274 1926 tyfir,

738 1961 881 2032 atque
897 1960 1095 1996 armata.-
1120 1943 1180 1995 sic
1199 1945 1331 1996 enim
1348 1941 1849 2017 tempusinduloebit,
1876 1957 1928 1993 ut
1948 1938 2162 2010 posseffio
2177 1939 2272 1991 do-

737 2023 955 2074 minium
987 2020 1252 2092 praescribat
1281 2022 1529 2092 paullatim
1548 2055 1562 2075 ‚
1598 2020 1647 2069 &
1664 2018 2052 2088 titulumjustum
2071 2017 2271 2081 tribu·,at

737 2099 916 2170 absque
934 2098 1050 2152 belli
1070 2098 1447 2170 tumultu‚quod
1464 2102 1559 2166 jura
1578 2098 1854 2160 confundit,
1871 2094 2177 2147 occasionem
2193 2093 2274 2148 dat

736 2176 974 2229 miscendi
990 2177 1160 2228 omnia
1176 2177 1381 2261 ingeniis
1397 2174 1787 2227 inconstantibus
1802 2173 2092 2244 &inquietis
2111 2217 2122 2236 ,
2139 2173 2188 2222 δε
2204 2191 2273 2224 ar-

735 2254 934 2307 bitrium
949 2254 1080 2325 eripit
1095 2254 1242 2324 ei‚qui
1259 2256 1472 2322 imperat.
1492 2251 1655 2316 Qare
1672 2272 1776 2303 non
1791 2254 1841 2303 in
1858 2252 1970 2302 solis
1988 2251 2164 2325 Reonis
2179 2250 2271 2303 istis

735 2334 796 2386 de
828 2352 964 2385 novo
992 2331 1227 2404 acquisitis
1256 2351 1341 2402 pax
1367 2349 1601 2401 procurari
1624 2329 1793 2392 debet,
1822 2330 1941 2380 sed
1930 2349 1981 2380 in
2017 2329 2271 2380 Provinciis

656 2446 664 2454 -
735 2413 879 2464 etiam
898 2410 1145 2463 finitimis:
1173 2411 1353 2482 exigue
1379 2410 1512 2460 enim
1532 2409 1694 2461 vicino
1709 2407 1848 2459 facile
1862 2405 2077 2459 scintillae
2104 2404 2270 2478 aliquae

734 2491 947 2542 emicant
953 2486 1281 2561 ‚migrantque
1295 2506 1422 2539 aima
1436 2506 1488 2538 ex
1506 2504 1609 2537 uno
1623 2485 1802 2538 locoin
1820 2484 1965 2538 alium
1979 2484 2269 2554 proximum,

734 2570 785 2619 ὃς
805 2567 1012 2638 proclive
1039 2565 1313 2618 admodum
1331 2564 1420 2615 est
1411 2566 1565 2618 irritati
1586 2582 1698 2615 eum
1719 2563 1841 2635 ,qui
1859 2582 1912 2615 ea
1932 2560 2016 2613 sibi
2042 2577 2142 2613 tam
2161 2579 2267 2631 pro-

736 2648 920 2718 pinqua
953 2659 1227 2697 contuetur.
1279 2643 1407 2708 Qae
1439 2640 1590 2694 caussa
1620 2641 1750 2704 fuit,
1784 2659 1866 2693 cur
1902 2643 2004 2691 Rex
2033 2638 2270 2710 Philippus

735 2725 920 2775 Tertius
938 2739 1108 2775 contra
1132 2721 1365 2773 Carolum
1395 2719 1771 2770 Emmanuelem
1802 2716 2045 2770 Sabaudiae
2078 2721 2267 2769 Ducem

737 2821 867 2854 arma
885 2801 1122 2862 sumeret,
1152 2799 1320 2851 cumis
1341 2802 1616 2848 Mantuano
1634 2797 1758 2847 Duci
1780 2783 2158 2847 Montferratum
2181 2795 2271 2845 eri-

736 2898 843 2949 pere
869 2895 1146 2941 conaretur,
1174 2877 1320 2928 dante
1350 2876 1542 2927 interim
1574 2872 1652 2925 sua
1689 2874 1934 2943 Majestate
1960 2890 2187 2943 operam,
2215 2886 2269 2923 ut

736 2956 945 3019 Iustitia,
984 2974 1090 3006 non
1115 2954 1297 3027 gladius
1328 2950 1657 3022 praetensiones
1690 2951 1786 3003 illas
1814 2949 2077 3013 decideret,
2112 2967 2269 3020 neque

739 3036 871 3108 quies
887 3031 1025 3084 Italiae
1040 3033 1232 3102 publica
1249 3031 1316 3083 ob
1332 3028 1640 3100 cupiditatem
1673 3030 1813 3080 unius
1846 3045 2088 3098 pateretur.
2132 3026 2266 3076 Idem

740 3109 1010 3185 periculum
1042 3110 1312 3162 etiamnum
1346 3106 1490 3161 hodie
1518 3105 1762 3177 perdurat,
1793 3106 1878 3158 nisi
1910 3117 2270 3176 componantur

2094 3178 2270 3267 diffen-
