2394 3768
421 2177 506 2215 Mar.
526 2181 595 2215 hist.

420 2229 577 2276 Hisp.lib.
590 2244 642 2265 11

420 2290 490 2325 cap.
519 2283 566 2316 18.

423 2666 436 2681 ²
460 2660 624 2704 Indignatio

425 2711 619 2753 Regu,nunt1't

426 2761 533 2789 mortu.
553 2759 649 2791 Prov.

433 2813 484 2840 16.
506 2818 561 2848 14.

676 333 728 374 50
1028 313 1334 356 DrnAct
1416 311 1874 352 SAAVEDRAE

676 391 833 444 hostes
852 385 969 440 nihil
987 405 1108 456 opus
1126 385 1314 436 levitate
1338 383 1606 436 iracundiae.
1634 385 1744 435 Nec
1756 383 1994 438 fortitudo
2010 384 2073 438 est
2090 419 2106 442 2
2135 404 2241 458 quae

679 468 857 539 absque
883 465 1067 516 ratione
1083 480 1386 516 commoveri
1376 461 1447 513 se
1464 460 1585 514 finit.
1617 461 1813 524 Verb0‚
1841 461 2034 515 nullum
2066 464 2240 517 vitium

680 542 836 617 magis
858 542 1126 611 Principem
1145 538 1345 593 dedecet
1351 558 1527 626 ,quam
1544 538 1695 591 istud.
1708 539 1837 591 irasci
1856 541 1990 591 enirn
2010 556 2242 594 contem-
2293 600 2303 606 ..

678 638 818 691 ptum
838 620 1094 690 supponit,
1127 633 1208 669 aut
1223 634 1470 688 acceptam
1496 619 1737 688 injuriam.
1764 618 2008 681 Nullum
1999 635 2115 670 item
2132 632 2248 671 rnu-

680 701 780 750 neri
797 699 847 748 <sc
863 696 1032 750 officio
1059 698 1156 766 ejus
1170 695 1232 748 sic
1250 693 1516 749 adversatur
1539 718 1549 745 :
1583 695 1704 747 nihil
1730 697 1864 747 enim·
1880 714 2014 769 aeque
2027 697 2247 749 tenebras

677 774 898 829 offundit
911 774 1093 846 judicio
1107 818 1121 838 ‚
1149 772 1287 846 quod
1302 772 1610 826 clarissimum
1641 774 1825 844 semper
1842 772 1929 825 effe
1942 773 2086 831 debet
2102 775 2152 825 i'n
2169 794 2246 835 cO,

678 856 763 927 qui
781 853 878 906 aliis
889 854 1104 924 imperat.
1142 852 1361 922 Princeps
1374 852 1455 924 qui
1472 851 1531 904 ira
1545 853 1594 902 ὅ(
1610 850 1868 903 stomacho
1883 851 2043 906 leviter
2056 851 2248 904 exarde-

680 935 782 989 scit,
804 931 961 985 cordis
976 930 1044 982 sui
1061 929 1346 1001 potestatem
1364 928 1504 981 tradit
1521 931 1746 986 irritanti,
1777 930 1827 980 &
1844 929 2036 982 arbitrio
2051 929 2181 983 illius
2202 929 2248 981 se

677 1010 883 1080 subjicit·
912 1010 957 1061 Si
975 1008 1153 1080 absque
1165 1004 1439 1059 offenfione
1458 1026 1519 1059 ne
1534 1007 1654 1077 plica
1670 1007 1870 1080 quidem
1886 1008 1937 1059 in
1955 1007 2101 1079 pallio
2116 1008 2246 1081 regio

679 1087 926 1141 disturbari
940 1084 1128 1158 posseta
1145 1087 1379 1158 quopiam
1394 1085 1535 1157 5quid
1553 1088 1636 1138 erit
1648 1086 1876 1158 denique,
1892 1084 1924 1136 si
1941 1087 2168 1139 animum
2184 1085 2246 1137 il-

677 1167 767 1220 lius
781 1166 889 1238 quis
907 1164 1193 1218 conturbet?

789 1249 844 1301 §-
871 1241 1132 1295 Enimverb
1145 1242 1210 1293 ira
1228 1241 1357 1293 tinea
1373 1240 1596 1312 quaedam
1614 1242 1696 1298 est,
1715 1262 1865 1314 quam
1885 1243 2017 1312 parit,
2031 1242 2082 1291 &
2101 1240 2252 1292 nutrit

675 1323 775 1390 ipsa
792 1339 1006 1393 purpura.
1028 1322 1212 1391 Pompa
1227 1318 1495 1390 superbiam
1514 1320 1689 1394 gignit,
1707 1319 1919 1390 superbia
1934 1321 2069 1371 iram.
2089 1321 2145 1370 Et
2160 1337 2251 1389 po-

673 1401 836 1452 tentiae
847 1398 978 1471 quasi
996 1399 1242 1468 proprium
1255 1397 1320 1449 est
1338 1441 1350 1462 ‚
1378 1396 1515 1449 nolle
1535 1399 1648 1468 pati.
1677 1399 1839 1449 Nimis
1855 1396 2004 1469 quam
2022 1395 2254 1448 delicatus

673 1478 741 1531 est
757 1476 1034 1546 Principum
1063 1475 1243 1527 sensus,
1268 1475 1530 1545 Speculum
1549 1520 1561 1536 ,
1594 1475 1729 1548 quod
1746 1475 1978 1528 facillime
2003 1473 2254 1527 maculam

678 1552 940 1608 contrahit.
956 1551 1163 1617 Caelum,
1175 1552 1313 1625 quod
1331 1570 1506 1622 vapore
1521 1555 1657 1605 tenui
1674 1552 1770 1605 citt)
1784 1551 2174 1618 obnubilatur,&
2184 1554 2254 1623 ja-

677 1634 742 1688 cit
760 1631 991 1685 fulmina.
1003 1629 1354 1703 Vitium‚quod
1372 1630 1563 1682 animos
1582 1649 1789 1705 magnos
1802 1630 2089 1703 plerumque
2101 1649 2257 1705 gene-

674 1711 810 1764 rosos
822 1709 1194 1780 &impatientes
1209 1724 1415 1778 occupat
1430 1719 1443 1771 ς
1475 1707 1670 1778 perinde
1689 1728 1743 1762 ac
1758 1727 1888 1760 mare
1906 1754 1918 1771 ,
1935 1710 2254 1780 quantumvis

674 1789 864 1843 vastum
880 1786 934 1839 sit
949 1789 999 1838 &
1016 1801 1189 1858 potens
1207 1831 1218 1852 ,
1238 1784 1471 1840 levissimo
1489 1803 1656 1838 tamen
1671 1803 1930 1838 ventorum
1947 1786 2063 1838 flatu
2081 1784 2254 1859 gravis-

676 1866 825 1918 simos
855 1866 1028 1937 patitur
1063 1880 1235 1918 motus·
1250 1883 1317 1917 -ac
1338 1864 1654 1934 tempestates,
1694 1864 1821 1916 Illud
1846 1862 2006 1915 solum
2032 1862 2222 1915 interest
2237 1905 2253 1927 ,

676 1942 814 2017 qubd
834 1943 901 1995 bae
919 1944 969 1994 in
985 1943 1159 1995 animis
1181 1943 1454 2012 Principum
1476 1941 1625 2015 longe
1645 1941 1963 1994 diuturniores
1985 1939 2252 2014 sint,quam

677 2023 730 2074 in
748 2022 853 2093 ipso
881 2021 997 2072 mari
1013 2048 1026 2083 5
1052 2019 1305 2092 praesertim
1323 2020 1407 2070 ubi
1421 2018 1581 2071 honor
1599 2019 1729 2072 laesus
1745 2020 1886 2071 fuerit
1902 2063 1914 2082 ,
1931 2037 2081 2092 quern
2098 2018 2251 2072 existi-

678 2115 821 2151 mant
851 2096 1032 2171 absque
1070 2097 1283 2152 vindicta
1308 2099 1565 2168 recuperari
1594 2117 1699 2148 non
1725 2095 1870 2168 poss'e.
1911 2100 2043 2149 Deus
2086 2096 2219 2150 bone
2235 2100 2246 2148 l

680 2175 982 2250 quantillum
1002 2192 1124 2238 erat5
1139 2175 1393 2227 δαηᾶἰωῃ
1410 2176 1628 2229 Navarra:
1646 2179 1749 2250 Reo
1719 2194 1830 2226 oem
1837 2193 2027 2249 ,pugna
2041 2174 2099 2226 ad
2118 2173 2251 2226 Alar-

679 2274 795 2309 curn
814 2253 998 2319 habita,
1027 2272 1134 2305 non
1152 2252 1358 2306 salutato
1372 2251 1497 2324 prius
1512 2256 1546 2303 R
1558 2272 1643 2327 ege
1659 2254 1715 2306 Al
1721 2252 1915 2321 phonlo
1927 2253 2067 2328 hujus
2084 2254 2253 2305 nomi-

677 2336 751 2386 nis
767 2336 930 2384 Tertio
936 2333 1165 2397 ,domum
1179 2337 1409 2403 repetere?
1428 2331 1505 2384 hic
1522 2347 1686 2384 tamen
1703 2352 1755 2384 ea
1771 2350 1818 2383 re
1839 2329 2007 2383 offens
2003 2349 2054 2382 us
2068 2329 2129 2383 fic
2142 2330 2250 2393 fuit,

678 2428 732 2464 ut
747 2409 1083 2463 inurbanitatis
1100 2409 1230 2462 istius
1245 2409 1462 2463 oblivisci
1477 2429 1737 2483 nunquam
1754 2410 1991 2480 potuerit,
2014 2427 2107 2460 nec
2125 2427 2253 2460 con-

679 2488 933 2563 quiescere,
947 2487 1108 2540 donec
1123 2507 1278 2562 regno
1292 2487 1438 2540 illum
1455 2488 1660 2541 exuisset.
1701 2490 1978 2576 Principum
1992 2487 2056 2537 ira
2071 2486 2252 2557 pulveri

682 2566 1000 2619 tormentatio
1017 2533 1206 2617 similis&
1200 2566 1264 2616 est
1268 2566 1380 2638 ,qui
1395 2563 1536 2617 fimul
1550 2568 1871 2641 atqueignem
1886 2565 2117 2635 concipit,
2133 2583 2253 2616 mox

682 2646 800 2701 vires
828 2643 930 2695 suas
964 2644 1139 2695 exserit.
1175 2645 1421 2696 Nuntiam
1451 2646 1656 2696 mortis
1697 2663 1803 2696 earn
1830 2640 2031 2714 appellat
2058 2643 2254 2714 Spiritus
2306 2706 2314 2709 ,⁷

684 2724 876 2778 sanctus
889 2755 904 2776 ,
936 2737 990 2772 ut
1012 2721 1086 2775 vel
1104 2720 1202 2775 hoc
1220 2721 1429 2773 nomine
1444 2740 1551 2774 earn
1572 2724 1760 2775 fraenare
1774 2722 1824 2771 δε
1842 2720 2065 2774 cohibere
2084 2719 2211 2791 paris
2217 2737 2251 2772 t

682 2804 842 2871 Turpe
855 2798 919 2849 est
939 2817 1054 2850 eum
1068 2843 1081 2864 ‚
1097 2800 1181 2872 qui
1197 2799 1297 2852 aliis
1315 2798 1545 2853 mandata
1559 2800 1641 2851 dat
1655 2844 1668 2864 ‚
1684 2800 1795 2852 huic
1808 2797 2007 2870 paffioni
2022 2799 2252 2851 succum—

687 2880 807 2933 bere.
825 2878 1147 2929 Meminerint
1163 2875 1526 2948 Principes,ide<5
1539 2878 1701 2949 sceptri
1716 2876 1829 2931 loco
1843 2876 1964 2929 nihil
1976 2875 2058 2931 fibi
2073 2877 2125 2927 in
2143 2895 2255 2927 ma-

685 2975 778 3009 nus
792 2954 936 3019 tradi,
969 2973 1071 3026 quo
1087 2953 1250 3007 laedere
1265 2973 1550 3027 quenquam
1567 2954 1763 3026 pollint:
1788 2953 1923 3028 qubd
1937 2954 1970 3005 fi
1985 2953 2250 3027 aliquando

684 3033 873 3109 gladius
891 3032 1071 3084 stridtus
1085 3033 1297 3107 Regibus
1312 3034 1503 3103 praeferri
1529 3033 1652 3085 solet
1663 3032 1730 3097 ‚id
1745 3034 1954 3103 justitiae,
1967 3052 2073 3085 non
2089 3031 2252 3086 vindi-

687 3116 772 3164 Ctae
792 3109 974 3186 insigne
990 3109 1054 3162 est
1072 3111 1149 3176 ,ὃς
1165 3108 1318 3164 aliena
1333 3127 1451 3164 tunc
1464 3110 1666 3185 quidem
1683 3128 1897 3185 portatur
1907 3130 2078 3176 manu,
2090 3126 2143 3162 ut
2159 3129 2255 3161 no-

2100 3188 2254 3243 verint
