2394 3768
492 2177 509 2202 ι
523 2169 586 2218 Q
600 2169 696 2202 dieunt

489 2218 642 2262 videram,
654 2220 685 2247 N
687 2225 718 2246 0-

493 2270 546 2303 lite
555 2266 649 2302 videre
660 2277 668 2298 :
682 2262 719 2298 ά·

494 2315 688 2362 aspicientibus
698 2342 708 2358 ‚

495 2367 598 2399 Nolite
607 2364 724 2409 aspicere

498 2413 575 2447 uobis
590 2423 624 2446 ea
635 2423 693 2456 qua

494 2463 572 2495 ncta
579 2459 662 2506 sunt.-
679 2461 723 2492 10-

499 2511 622 2554 quimim'
632 2507 708 2542 nobis

494 2560 652 2603 placentia.

500 2606 540 2642 Is.
560 2617 611 2652 30.
629 2619 682 2641 ιο.

500 2683 516 2708 ⁵
534 2687 630 2730 Igitur
641 2687 698 2718 aris

495 2731 565 2778 sono
576 2758 585 2773 ,
600 2730 720 2777 tubaert'c‘,

498 2779 690 2826 cornmimque

501 2840 636 2864 concentu
647 2828 725 2876 stre-

503 2886 568 2922 pere
579 2893 587 2912 .·
600 2888 687 2922 prout

497 2927 679 2973 splendidior,

507 2973 697 3020 ohscurffirve,

506 3026 599 3059 utari
618 3034 672 3059 aut

506 3082 632 3109 moerere.
648 3073 729 3107 Tac.

506 3119 561 3156 lib.
572 3123 726 3158 6.Annal.

731 327 785 369 90
1073 301 1383 344 DlDACI
1445 298 1905 341 SAAVEDRAE

846 382 898 435 ,οἱ
926 377 1082 446 Atque
1098 372 1182 425 ista
1199 370 1423 441 Principis
1447 369 1729 423 sollicitudo
1747 415 1760 435 ,
1777 387 1831 422 ut
1854 373 1958 425 vitae
1972 370 2062 422 suae
2077 369 2286 423 rationes

739 454 854 528 juste
883 449 1276 521 laudabiliterque
1302 448 1515 501 instituat
1531 487 1544 511 ,
1571 446 1629 500 ad
1648 448 1795 500 vitam
1813 448 1959 499 etiam
1976 446 2286 520 actionesque

736 530 1091 593 Ministrorum‚
1106 527 1189 600 qui
1204 526 1459 598 personam
1474 528 1572 597 ejus
1585 526 1833 589 sustinent,
1847 524 2040 578 extendi
2056 525 2213 589 debet5
2231 523 2288 575 fi-

737 608 941 681 quidem
962 606 1021 659 ad
1039 605 1119 657 has
1133 622 1241 657 non
1267 601 1460 667 minuS,
1486 604 1637 674 quam
1654 604 1712 656 ad
1731 602 1831 654 illas
1857 603 1941 654 rite
1967 601 2289 656 moderandas

741 692 868 739 Deus
885 681 1204 756 hominesque
1230 698 1344 733 eum
1359 679 1632 756 obligatum
1649 682 1864 735 censent.
1888 683 2010 732 Non
2027 682 2177 732 Lunae
2206 679 2291 732 de-

736 766 890 819 feerus
905 763 966 814 est
987 764 1023 815 is
1040 806 1051 823 ,
1065 778 1214 833 quem
1230 760 1282 811 in
1299 757 1466 829 Eclipsr
1483 759 1563 811 illa
1579 762 1767 832 patitur,
1782 757 1861 810 sed
1878 775 2019 815 terrae,
2035 776 2140 831 quae
2153 756 2294 809 illam

735 844 857 895 inter
868 843 918 893 ὃ(
932 840 1095 892 Solem
1109 836 1337 890 umbram
1354 836 1383 888 s
1377 855 1491 889 uam
1505 838 1721 908 interjicit
1734 866 1748 902 5
1763 835 1920 888 nihilo
1934 832 2100 888 tamen
2115 834 2296 898 minim,

737 939 891 972 nemo
905 918 1162 991 quisquam
1176 914 1241 966 est
1256 957 1269 978 ,
1303 915 1387 987 qui
1415 913 1744 968 defedtionem
1759 914 1897 967 illam
1917 916 2065 966 Lunae
2090 932 2197 965 non
2215 913 2296 965 tri-

737 997 1021 1069 buat5eaque
1036 994 1177 1047 unica
1191 989 1364 1045 sufficit
1378 991 1438 1043 ad
1455 990 1770 1046 offuscandos
1785 997 1881 1065 ejus
1895 991 2116 1055 radios‚&
2132 1009 2297 1044 crean-

743 1076 804 1128 da
818 1076 956 1128 rebus
982 1073 1108 1126 hisce
1129 1069 1432 1124 inferioribus
1458 1069 1638 1123 damna
1658 1089 1731 1123 tot
1751 1115 1763 1136 ,
1783 1087 1925 1144 atque
1953 1067 2299 1122 incommoda.

744 1153 969 1224 Principis
984 1153 1096 1205 vitia
1111 1151 1163 1201 in
1188 1167 1379 1220 pravam
1406 1149 1503 1216 ejus
1518 1148 1825 1203 voluntatem
1842 1148 2111 1209 referimu53
2139 1164 2185 1200 at
2199 1147 2299 1199 Mi-

742 1230 894 1285 nistris
922 1229 1154 1283 scelerum
1182 1226 1526 1296 impunitatem
1558 1226 1825 1280 concedere
1844 1273 1857 1292 ,
1891 1227 2042 1278 animi
2075 1225 2297 1298 quaedam

739 1308 957 1362 censetur
985 1305 1153 1362 vilitas.
1197 1306 1391 1357 Peccata
1407 1304 1588 1374 propria
1617 1305 1831 1376 aliquam
1850 1320 2094 1356 mere-ntur
2108 1303 2301 1356 excusa-

740 1387 932 1439 tionem
952 1430 966 1450 ,
989 1383 1058 1436 ob
1082 1381 1350 1435 affeetuum
1378 1382 1430 1432 ὅ(
1454 1380 1725 1452 pastionum
1755 1381 2115 1437 vehementiam
2134 1380 2241 1433 :sed
2267 1378 2300 1433 fi

741 1481 824 1535 per
845 1460 1205 1534 indulgentiam
1231 1459 1567 1529 permittantur
1584 1461 1637 1512 in
1653 1459 1783 1515 aliis,
1813 1459 1979 1511 nullus
2005 1457 2302 1513 excusationi

743 1541 809 1593 est
826 1539 978 1594 locus,
997 1536 1084 1590 Nil
1098 1534 1316 1607 prohibet
1334 1536 1534 1608 Principi
1562 1538 1736 1592 vitioso
1755 1537 1918 1590 bonos
1933 1534 2021 1589 esse
2037 1536 2300 1590 Ministros:

739 1616 775 1671 fi
791 1635 958 1673 tamen
972 1616 1231 1672 connivere
1248 1632 1365 1668 cum
1387 1614 1441 1665 iis
1456 1615 1653 1685 incipiat
1666 1660 1679 1681 ,
1701 1616 1752 1667 &
1768 1615 1846 1680 hi,
1874 1616 1927 1666 &
1973 1614 2052 1668 ille
2079 1613 2297 1690 flagitiosi

738 1712 896 1752 erunt.
924 1695 1061 1752 Hinc,
1085 1709 1462 1763 nonnunquam
1492 1691 1665 1745 accidit
1679 1737 1692 1758 ,
1720 1693 1857 1766 quod
1893 1692 2120 1764 Principis
2145 1693 2302 1746 mini-

740 1774 825 1829 me
837 1774 961 1829 boni
973 1771 1111 1830 bona
1125 1786 1292 1823 tamen
1311 1767 1679 1844 firgubetnati0‚
1696 1769 1980 1824 dummodo
1993 1771 2089 1843 ipse
2104 1787 2266 1826 caveat
2285 1815 2300 1836 ‚

742 1870 807 1907 ne
820 1850 898 1906 alii
909 1851 1056 1903 suum
1070 1850 1330 1922 sequantur
1345 1846 1646 1917 exemplum:
1664 1849 1791 1924 rigor
1807 1849 1942 1902 enim
1956 1845 2040 1901 ille
2054 1852 2160 1902 non
2174 1849 2302 1913 finit,

741 1946 798 1984 ut
819 1927 1034 1982 adulatio
1045 1927 1234 1981 fastum
1246 1924 1422 1978 imitari
1437 1924 1626 1981 audeat,
1642 1944 1801 1999 neque
1814 1926 1985 1979 locum
2000 1926 2084 1979 dat
2100 1926 2302 1980 naturali

744 2007 817 2062 illi
830 2005 1094 2062 voluntatis
1109 2000 1531 2074 inclinationi,qua
1546 2004 1748 2076 quisque
1767 2003 2062 2075 Principibus
2074 2003 2303 2059 fimilium

748 2086 1004 2139 :titionum
1018 2079 1177 2135 studio
1190 2078 1236 2132 se
1254 2080 1559 2133 conformare
1571 2079 1813 2135 desiderat.
1838 2081 1965 2147 Esto,
1978 2084 2125 2154 prose
2140 2081 2235 2154 ipse
2249 2082 2303 2136 fit

751 2161 925 2226 maluS,
941 2179 1027 2232 pro
1042 2156 1308 2230 Republica
1328 2174 1495 2210 tamen
1522 2158 1685 2212 bonus
1701 2160 1799 2212 erit.
1827 2160 2050 2212 Omnem
2074 2161 2304 2215 Ministris

752 2238 1003 2314 indulgete
1018 2236 1288 2291 libertatem
1306 2278 1320 2301 ‚
1333 2235 1399 2288 est
1413 2236 1596 2307 imperii
1611 2237 1808 2308 abjicere
1824 2235 2036 2291 habenas
2049 2272 2065 2293 ,
2085 2238 2184 2292 fine
2200 2240 2309 2313 qui·

755 2318 847 2372 bus
862 2315 1024 2369 nullus
1038 2315 1185 2368 etiam
1201 2332 1354 2385 equus
1368 2313 1494 2366 reite
1512 2313 1766 2387 secureque
1780 2314 1977 2368 incedit.

866 2399 922 2452 5.
950 2392 1072 2447 Mal-i
1090 2391 1324 2461 Principes
1334 2391 1467 2464 aeque‘
1483 2391 1595 2444 sunt
1611 2408 1775 2445 curatu
1787 2390 2017 2458 difficiles„
2035 2412 2088 2446 ac
2107 2393 2308 2463 pulmo·-

756 2490 843 2526 nes
855 2470 1014 2525 affecti
1031 2467 1160 2523 male
1174 2496 1188 2531 3
1201 2487 1254 2519 ex
1268 2487 1329 2520 eo
1346 2472 1496 2540 capite
1514 2515 1526 2535 ‚
1541 2468 1676 2541 quod
1694 2469 1903 2524 remedia
1917 2473 1970 2523 iis
1986 2470 2205 2543 applicati
2224 2492 2311 2526 ne·

755 2566 960 2624 queant:
987 2547 1086 2601 haec
1100 2564 1316 2618 namque
1331 2547 1384 2598 in
1399 2547 1644 2601 audiendo
1671 2547 1937 2602 consistunt
1950 2593 1963 2613 ,
1987 2567 2035 2602 at
2052 2548 2133 2621 ipsi
2149 2550 2309 2603 audire

754 2642 994 2690 renuunt3
1012 2623 1279 2680 confistunt
1292 2625 1343 2676 in
1360 2624 1593 2689 videndo,
1611 2641 1656 2678 at
1670 2625 1750 2697 ipsi
1765 2627 1918 2680 videre
1934 2645 2040 2678 non
2058 2628 2310 2692 sustinent,

756 2723 914 2778 neque
929 2720 982 2756 ut
996 2703 1223 2757 audiantg
1255 2701 1329 2756 vel
1344 2702 1537 2755 videant
1555 2703 1647 2766 alii,
1659 2720 1741 2755 aut
1758 2704 1878 2756 certe
1892 2703 2185 2779 illudipsum
2201 2724 2309 2757 non

755 2783 921 2836 sinunt
937 2780 1189 2834 domestici
1206 2776 1377 2851 proprii
1392 2800 1447 2832 ac
1466 2780 1683 2843 Ministri,
1699 2783 1782 2854 qui
1802 2774 2076 2854 Principum
2094 2784 2215 2837 vitiis
2226 2802 2307 2853 ap-

757 2858 995 2932 plaudunt
1021 2857 1181 2930 potius
1206 2879 1216 2907 :
1244 2858 1296 2908 ὅς
1324 2856 1753 2929 quemadmodum
1780 2861 1966 2933 antiqui
1999 2860 2122 2912 olim
2147 2878 2233 2912 aere
2256 2861 2309 2912 δε

758 2935 994 3011 cymbalis
1005 2937 1175 2988 omnia
1191 2934 1514 3006 personabant
1529 2934 1677 2998 ‚dum
1690 2936 1807 2989 luna
1830 2937 1853 2970 ‘¹’
1883 2937 2111 2990 laboraret
2120 2965 2138 2999 »ς
2147 2939 2219 2990 -ita
2233 2938 2306 2992 isti

760 3016 984 3069 animum
1009 3014 1232 3084 Principis
1249 3011 1464 3065 modulis
1480 3011 1670 3066 musicis
1688 3059 1701 3079 ‚
1729 3013 2309 3087 aliisqueoblestamentis

759 3090 1034 3148 demulcere
1049 3091 1272 3165 satagunt
1286 3134 1299 3153 ‚
1327 3091 1379 3142 in
1392 3107 1453 3141 eo
1481 3091 1710 3161 praecipue
1735 3092 2036 3146 elaborantes
2048 3137 2061 3158 ‚
2094 3110 2147 3145 ut
2175 3112 2307 3147 aures

2129 3171 2314 3245 semper
