2394 3768
424 276 823 319 SYMBOLA
882 278 1319 320 POLITICA.
1573 293 1648 334 139

108 341 341 406 vendum,
357 362 418 395 ne
433 345 881 416 interpretationum
898 348 1088 400 varietas
1102 366 1176 398 eas
1195 347 1348 421 magis
1366 345 1533 400 dubias
1547 349 1650 401 red-

109 422 188 473 dat
204 421 253 469 &
270 420 495 473 obscuras
515 465 527 485 ‚
556 442 610 475 ac
626 422 730 475 lites
747 425 958 485 suscitet3
991 427 1067 476 cui
1084 426 1143 476 rei
1164 441 1274 476 ante
1291 426 1459 477 omnia
1476 444 1644 496 paran-

108 500 226 549 dum
240 497 507 550 remedium
533 520 543 549 z
572 498 621 550 id
636 500 770 570 quod
786 500 924 553 facile
938 500 1066 553 fieret
1080 503 1127 552 in
1147 501 1388 572 Hispania,
1405 503 1437 554 si
1453 505 1548 554 Rex
1564 502 1645 555 alis

108 578 228 647 quis,
249 593 353 625 non
366 575 526 626 minus
541 577 636 628 hoc
650 579 855 628 nomine
869 577 992 630 illius
1005 579 1399 649 reparator,quam
1421 579 1647 654 Pelagius,

110 650 448 706 controversias
460 672 635 705 omnes
651 653 708 706 ad
729 655 888 707 breves
903 657 1196 707 contraheret
1215 658 1466 719 terminos,
1482 658 1532 707 ὃς
1545 658 1647 709 reli-

109 735 190 782 ἃο
205 731 302 797 jure
315 729 468 792 civili,
488 730 695 804 Legibus
719 733 873 801 patriis
887 749 1087 783 uteretur
1109 751 1212 782 non
1228 734 1388 783 minus
1400 733 1648 803 prudenti-

108 808 195 860 bus
207 808 254 857 ὃς
273 806 597 878 ἀοέῖίε,(]ι1ὲη]
613 808 752 876 justis.
773 809 896 860 Illud
912 810 992 872 est,
1007 810 1140 880 quod
1165 812 1260 860 Rex
1274 810 1648 862 Reccesvintlius

106 882 405 940 intendebat,
421 885 532 936 cum
549 885 723 936 diceret
738 886 787 936 in
811 886 1020 957 quddam
1037 887 1138 959 lege
1155 886 1222 937 sui
1240 886 1355 947 libri,
1371 906 1517 958 quem
1532 888 1624 939 Fue
1636 919 1648 925 -

107 963 295 1035 rojuaego
318 962 527 1014 inscribit
555 985 564 1013 :
595 962 629 1015 Ε
654 965 735 1015 nin
748 983 994 1037 queremos,
1008 983 1094 1036 que
1106 962 1162 1014 de
1174 966 1284 1037 aqui
1304 962 1515 1016 adelante
1534 965 1645 1036 fian
1679 980 1769 1014 is&
1784 990 1893 1019 9.tt.1.

105 1038 270 1112 ψαίιω
282 1035 352 1089 las
367 1036 481 1111 [εγω
498 1042 743 1091 Romanas
757 1075 772 1095 ,
796 1042 877 1092 nin
890 1039 961 1092 las
972 1038 1176 1113 estrffias.
1228 1045 1324 1092 Rex
1344 1061 1542 1114 quoque
1560 1042 1646 1092 Al-
1677 1029 1735 1062 ¹²·
1754 1030 1829 1062 ¹³⁰¹·

108 1115 321 1188 plionsus
338 1118 529 1185 Sapiens
542 1116 784 1168 iudicibus
801 1116 917 1169 serio
934 1119 1146 1188 praecepit
1168 1137 1280 1192 :que
1292 1117 1355 1169 los
1365 1117 1522 1193 pleitos
1536 1133 1644 1170 ante
1679 1139 1793 1175 Libe.
1806 1141 1894 1184 tica,

106 1191 205 1246 ellos
220 1191 282 1244 los
297 1189 435 1244 libren
450 1189 551 1245 bien
570 1238 581 1256 ,
595 1214 618 1245 e
631 1192 870 1246 lealmem‘e
881 1193 922 1246 lo
934 1214 1039 1246 mas
1053 1197 1164 1247 aina
1177 1229 1192 1249 ,
1208 1215 1230 1246 e
1242 1196 1478 1270 mejorque
1486 1197 1646 1271 fhpie·
1679 1201 1708 1236 Ρ·
1722 1200 1748 1234 3·

107 1290 201 1333 ren,
214 1289 236 1321 e
238 1285 323 1344 por
333 1268 403 1321 las
415 1266 528 1342 leym
541 1270 663 1322 defle
676 1268 801 1326 libro,
813 1291 836 1321 e
852 1290 940 1322 non
946 1287 1030 1347 por
1038 1284 1172 1323 otras.
1192 1271 1323 1322 Idem
1342 1272 1501 1342 postea
1520 1291 1647 1325 con-

110 1346 358 1400 firmarunt
381 1348 481 1396 Rex
498 1347 820 1399 Ferdinandus
834 1349 883 1398 ὃς
900 1352 1105 1402 lomina,
1149 1349 1279 1399 uti&
1293 1350 1393 1398 Rex
1411 1349 1617 1401 Alaricus
1634 1393 1645 1412 ,
1678 1356 1892 1404 1-3-tt-1-1ib·

109 1426 192 1497 qui
207 1441 363 1497 graves
376 1423 627 1475 intentavit
642 1443 805 1494 poenas
818 1423 1071 1492 judicibuS‚
1086 1422 1116 1474 fi
1130 1424 1439 1498 allegationes
1456 1428 1646 1497 Legum
1679 1420 1707 1443 ²·
1728 1410 1851 1452 Recop'

108 1505 447 1554 Romanarum
464 1500 783 1552 admitterent.
808 1505 979 1573 Neque
996 1499 1547 1571 supremaejun'sdictioni
1564 1520 1648 1571 pa-

110 1598 220 1633 rum
236 1577 430 1649 derogat
448 1621 460 1639 ‚
487 1577 649 1628 alienis
660 1576 910 1652 gubernari
929 1579 1149 1651 Legibus.
1182 1578 1343 1630 Video
1357 1578 1458 1630 duo
1476 1578 1646 1632 contra

111 1656 204 1708 dici
218 1653 345 1725 poffe
361 1674 370 1702 ε
389 1671 546 1705 unum
562 1653 640 1715 est,
657 1652 771 1704 cum
792 1656 937 1724 Leges
953 1655 1045 1705 istae
1058 1654 1217 1727 lingua
1234 1655 1504 1708 Castellana
1521 1675 1646 1709 con-

111 1734 287 1802 scriptae
310 1730 417 1784 fint2
431 1730 532 1781 fore
545 1746 597 1782 ut
612 1731 779 1781 Latina
792 1729 972 1800 pelium
988 1733 1087 1794 iret,
1103 1732 1134 1782 si
1148 1732 1270 1783 luris
1263 1732 1521 1802 prudentiae
1537 1753 1649 1804 pro-

107 1809 291 1863 feffores
315 1807 473 1859 inillis
489 1807 598 1858 solis
614 1807 929 1878 perdiscendis
950 1810 1001 1858 ὅ(
1015 1808 1308 1878 explicandis
1331 1829 1484 1862 omne
1497 1828 1649 1882 pone-

107 1903 211 1940 rent
225 1884 450 1937 studium.
485 1888 792 1957 Praeterquam
810 1884 942 1957 quod
960 1885 1138 1958 absque
1162 1884 1332 1939 notitia
1342 1888 1450 1956 juris
1467 1887 1640 1942 civilis,

108 1963 341 2017 undeistae
365 1963 556 2013 trahunt
573 1961 807 2036 originem
823 2002 836 2026 ,
858 1963 981 2015 redte*
1006 1963 1210 2037 intelligi
1228 1980 1486 2036 nequeant.
1515 1964 1647 2017 Alte-

108 2061 213 2095 rum
233 2039 430 2095 est2cum
446 2042 496 2091 in
515 2040 748 2092 omnibus
763 2042 883 2111 pene
901 2043 1094 2111 Europae
1108 2042 1403 2094 Nationibus
1418 2061 1647 2103 commu·

110 2138 171 2171 ne
183 2118 236 2170 sit
248 2121 318 2187 jus
338 2116 473 2169 civile
486 2157 499 2179 ,
511 2116 779 2169 secundum
795 2117 929 2190 quod
949 2116 1110 2171 caussae
1126 2117 1280 2171 decidi
1300 2119 1456 2171 solent
1476 2164 1487 2184 ,
1504 2120 1553 2170 ὃς
1569 2118 1644 2171 di-

107 2195 302 2268 judicari
315 2195 365 2245 in
387 2194 693 2247 Parlamentis
708 2196 757 2246 &
780 2196 936 2247 Curiis
962 2198 1122 2248 exteris
1137 2199 1234 2266 jura
1251 2197 1301 2246 ὅ(
1319 2198 1644 2250 controversiae

108 2273 383 2342 Principum
400 2316 412 2335 ,
439 2270 702 2341 plurimum
720 2272 921 2344 proinde
936 2273 1095 2325 referre
1111 2318 1122 2336 ,
1141 2273 1172 2325 fi
1195 2275 1333 2325 Viros
1360 2273 1568 2327 habeant
1594 2276 1658 2328 in*

109 2351 242 2401 dieto
254 2350 351 2419 jure
362 2347 506 2416 probe
521 2348 830 2420 multumque
852 2351 1139 2403 exercitatos.
1152 2352 1335 2403 Verum
1347 2352 1438 2403 istis
1454 2353 1648 2405 incom-

111 2426 271 2480 modis
287 2424 424 2478 facile
437 2427 616 2478 occurri
631 2429 800 2496 poterit
818 2428 962 2492 aliter,
977 2427 1006 2477 fi
1025 2429 1256 2480 nimirum
1271 2428 1450 2500 aliquas
1462 2431 1568 2498 juris
1583 2431 1650 2483 ci·

110 2503 215 2559 vilis
241 2500 478 2556 cathedras
495 2503 543 2554 in
559 2502 932 2557 universitatibus
951 2504 1123 2555 dotent
1137 2506 1185 2554 ὃ(
1205 2506 1647 2578 erigant,quemad-

111 2581 321 2634 modum
340 2581 392 2631 in
409 2579 502 2631 hoc
516 2581 619 2650 ipso
633 2599 801 2654 genere
816 2582 926 2634 fecit
946 2581 1146 2651 (tametsi
1163 2581 1261 2633 aliis
1279 2581 1338 2632 de
1356 2582 1533 2650 cauffis)
1552 2586 1649 2635 Rex

108 2655 437 2711 Perdinandus
452 2657 815 2722 catholicusfic
829 2659 1066 2731 inquiens:
1080 2660 1273 2733 Empero
1286 2654 1387 2711 bien
1402 2678 1649 2734 quemnam,

110 2738 129 2790 i
137 2732 392 2813 fhffrimos,
404 2753 490 2809 que
507 2732 570 2786 los
584 2733 713 2788 libros
726 2734 782 2788 de
794 2734 856 2788 los
867 2733 1069 2788 derechos
1089 2779 1101 2799 ,
1115 2754 1202 2809 que
1213 2733 1277 2786 los
1277 2732 1427 2808 fabios
1442 2739 1650 2810 antiguos

110 2811 334 2869 hizteron,
347 2811 487 2886 quese
497 2809 596 2864 leem
612 2833 666 2865 en
680 2811 743 2864 los
753 2812 1172 2888 estndiosgenemles
1185 2812 1240 2864 de
1252 2813 1424 2886 nncstro
1438 2811 1620 2867 Sefiorio
1636 2858 1649 2877 ‚

104 2905 270 2966 porque
284 2891 331 2942 ai
344 2909 398 2941 en
410 2887 508 2940 ellos
523 2888 925 2962 muchasa'zbidm‘ia
940 2911 954 2955 5
989 2893 1005 2944 i
1021 2909 1249 2965 queremos
1261 2889 1349 2942 dar
1358 2888 1500 2964 lugan
1517 2909 1650 2965 quo

109 2965 172 3019 los
182 2967 379 3019 nueff‘z‘ms
394 2968 461 3022 N
459 2964 658 3020 astur-ales
671 2966 1019 3041 seanstzbidorffl
1035 3002 1050 3023 ,
1065 2987 1087 3018 e
1094 2966 1204 3039 span
1211 2965 1404 3042 porende
1415 2987 1520 3020 mas
1534 2966 1649 3021 hon-

112 3044 250 3097 mdos.
282 3043 438 3110 Qod
455 3043 485 3094 fi
499 3061 662 3097 tamen
687 3045 809 3098 illud
824 3048 1038 3099 omnino
1055 3044 1149 3096 fieri
1168 3061 1373 3117 nequeat
1389 3088 1401 3109 ,
1419 3045 1520 3097 duo
1543 3065 1648 3097 me-

985 3125 1045 3175 M
1088 3143 1116 3183 4
1429 3128 1431 3130 ’
1483 3121 1656 3174 morati
