2394 3768
450 304 844 343 SYMBOLA
899 305 1342 347 POL1T1CA.
1586 316 1664 350 215

124 376 180 430 eo
199 370 348 446 magis
362 371 567 443 expolita
595 373 659 424 est
687 372 936 426 eventibus
954 375 1117 426 minus
1149 375 1402 446 prosperis,
1428 394 1553 448 quos
1581 390 1663 429 aut

122 455 249 511 casus
268 453 429 503 secum
446 449 582 503 trahit
606 496 618 515 ‚
636 468 713 502 aut
725 450 958 520 judicium
974 451 1248 504 humanum
1270 469 1518 523 praecavere
1551 454 1661 506 satis

121 530 246 587 haud
259 528 424 600 potest,
463 528 674 580 Grandia
689 547 886 598 corpora
917 529 1120 603 grandes
1136 529 1436 582 infirmitates
1462 533 1555 602 pati
1583 531 1663 583 so-

118 611 233 664 lent.
273 609 316 657 1<
324 604 373 657 ifi
393 606 609 677 Princeps
622 606 804 660 fortiter
822 606 1188 680 constanterque
1204 608 1408 681 negotiis
1423 608 1664 674 infistetet,

118 684 349 762 quicquid
373 683 648 737 obtreoent
681 681 788 747 alii,
811 682 1178 738 infeliciffimam
1209 686 1356 738 vitam
1389 686 1574 739 viveret.
1617 688 1664 739 Si

117 783 258 818 errare
272 781 385 814 eum
405 762 660 835 contingat
675 795 691 816 2
707 762 878 812 animo
893 781 1014 830 opus
1028 762 1092 815 est
1108 797 1124 819 ‚
1144 781 1204 814 ne
1219 778 1351 814 metu
1369 763 1661 833 percellatur,

119 843 266 896 autin
284 839 542 892 statuendo
573 839 796 909 deinceps
827 837 909 891 fiat
933 858 1107 911 anceps
1120 841 1169 890 δι
1198 839 1393 892 tardior.
1439 842 1658 912 Princeps

115 923 196 995 qui
217 920 374 972 leviter
392 918 674 988 suspicatur,
696 917 868 968 omnia
886 961 898 981 ,
936 935 1041 990 quae
1054 920 1222 992 egerit,
1247 915 1577 990 improbatum
1610 919 1663 972 iri

115 999 176 1053 ab
192 998 292 1051 aliis
308 1040 319 1061 ,
335 997 480 1048 nimis
493 996 635 1047 etiam
652 996 875 1066 potentiae
893 994 985 1046 suae
996 999 1202 1047 coarctat
1227 995 1401 1049 limites
1418 1042 1429 1061 ,
1446 996 1663 1069 multisq5

113 1074 342 1131 inanibus
363 1071 612 1127 Phantasiae
629 1070 881 1124 terroribus
894 1072 986 1125 sese
1005 1073 1198 1143 objicit5
1218 1073 1266 1125 id
1283 1074 1418 1147 quod
1433 1074 1459 1127 a
1474 1076 1661 1145 persua-

111 1154 245 1208 fione
258 1151 468 1226 quadam
489 1149 670 1223 propria
683 1148 1005 1220 superstitiosa,
1021 1168 1100 1203 aut
1114 1152 1457 1205 metancholici
1480 1153 1660 1205 humo·

110 1235 169 1286 ris
186 1226 480 1285 abundantia
493 1228 776 1300 plerumque
788 1227 1010 1281 nascitur.
1048 1229 1207 1281 lsthaec
1224 1229 1548 1283 incommoda
1563 1235 1659 1282 Da-

109 1310 190 1367 vid
207 1304 446 1384 agnoviffe
462 1305 643 1358 videtur
658 1339 673 1361 ‚
689 1303 802 1358 cum
822 1309 979 1358 Deum
995 1319 1251 1376 precaretur
1267 1351 1279 1371 ,
1296 1326 1348 1360 ut
1365 1308 1553 1360 tolleret
1570 1309 1596 1361 a
1611 1309 1657 1359 se

110 1386 364 1460 opprobria
380 1431 392 1451 ‚
406 1403 508 1458 quae
525 1384 619 1456 ipse
632 1382 715 1436 sibi
740 1396 755 1418 ε
777 1383 1143 1457 imaginabatur.
1180 1384 1466 1437 Constantia
1496 1386 1656 1456 itaque
1686 1427 1699 1443 e
1722 1421 1910 1467 amputatus-¹

111 1466 206 1520 sese
221 1481 370 1518 armet
386 1465 603 1533 Princeps
616 1457 831 1515 adversus
858 1462 1178 1534 quoscunque
1206 1479 1405 1514 eventus
1421 1501 1434 1526 ,
1461 1463 1504 1513 δε
1526 1462 1654 1535 vulgi
1679 1470 1825 1525 profirz‘um

111 1543 371 1615 opiniones
384 1541 457 1606 ,δε
470 1541 647 1593 fortem
665 1539 710 1590 se
728 1538 903 1609 praestet
919 1583 932 1602 ‚
949 1540 998 1591 in
1015 1538 1190 1593 tuenda
1213 1540 1314 1593 vera
1328 1541 1379 1591 ὅ(
1406 1538 1559 1593 solida
1572 1559 1652 1592 ex·
1680 1519 1909 1609 {ffssssssssj‘fflffs‘

110 1621 401 1676 istimatione
416 1618 624 1690 personae
641 1615 732 1667 suae
747 1616 821 1679 ,δι
837 1634 1081 1668 armorum
1101 1641 1119 1672 s
1143 1617 1346 1690 quando
1375 1617 1453 1671 illa
1475 1616 1654 1682 amilsa,
1684 1613 1734 1650 Ps.
1751 1616 1822 1650 ¹¹8·
1851 1625 1904 1662 3⁹·

109 1716 190 1752 aut
204 1697 373 1752 violata
388 1741 401 1761 ‚
418 1692 515 1747 una
530 1694 694 1746 secum
709 1692 967 1763 Imperium
981 1693 1033 1743 in
1047 1692 1303 1746 discrimen
1319 1696 1528 1749 adducit.
1550 1701 1654 1766 Op.

109 1775 229 1830 tirne’
241 1775 367 1828 hanc
381 1792 480 1825 tem
494 1769 727 1824 intellexit
743 1772 841 1821 Rex
855 1767 1655 1844 PerdinandusCatholicuffiquan-
1685 1822 1723 1855 M
1783 1818 1843 1853 Est

109 1855 178 1906 do
194 1853 411 1908 monitus
428 1847 453 1903 ὲ
468 1848 555 1902 suo
574 1851 700 1901 Patre
714 1850 842 1920 Rege
861 1850 1046 1899 Ioanne
1062 1847 1292 1901 Secundo
1307 1853 1557 1923 Aragonio
1572 1893 1584 1913 ‚
1601 1864 1654 1901 ut
1687 1832 1903 1915 Hisssiiis'sp

109 1932 344 2003 tempori,
359 1924 709 1998 necessitatique
725 1924 910 1980 cederet
927 1969 938 1989 ,
951 1926 1001 1975 &
1018 1928 1272 1978 Coronam
1287 1925 1315 1977 s
1310 1946 1421 1979 uam
1441 1926 1657 1980 colloca-
1682 1930 1709 1951 ⁶·
1725 1928 1758 1954 ⁹·

108 2026 176 2063 ret
190 2009 240 2061 in
257 2023 364 2061 tuto
376 2041 393 2062 ‚
412 2003 728 2060 conciliando
743 2002 826 2056 fibi
844 2003 1038 2056 animos
1052 2004 1351 2056 Marchionis
1371 2003 1589 2063 Villenae,
1604 2006 1656 2056 δε

110 2081 401 2139 Archi-Praes
397 2083 484 2136 ulis
494 2080 719 2135 Toletani
737 2081 790 2132 Al
798 2080 969 2152 pltonsi
986 2079 1186 2144 Canini,
1205 2080 1536 2134 honestiffimis
1551 2086 1657 2154 qui·

111 2164 226 2216 dem
241 2161 408 2216 mediis
425 2160 546 2214 illud
563 2160 794 2211 effectum
809 2157 916 2210 dare
932 2156 1107 2210 studuit
1124 2186 1136 2222 3
1154 2158 1320 2211 induci
1338 2176 1503 2212 tamen
1522 2178 1657 2212 nun-

112 2259 262 2315 quam
278 2241 434 2310 potuit
448 2284 461 2303 ,
473 2255 526 2291 ut
542 2238 875 2290 auctoritatem
891 2235 920 2287 s
914 2255 1026 2290 uam
1040 2237 1216 2311 regiam
1248 2236 1563 2290 Subditorum
1578 2238 1660 2291 fu-

113 2322 205 2372 rori
221 2337 274 2371 ac
300 2315 535 2371 violentiae
555 2315 716 2367 minus
731 2314 953 2367 decenter
970 2332 1049 2367 aut
1065 2314 1292 2368 indecore
1311 2314 1576 2379 inclinaret,
1604 2317 1655 2367 in

113 2396 211 2450 hoc
228 2395 363 2448 enirn
379 2393 485 2463 plus
499 2391 642 2445 ineffe
671 2391 866 2462 periculi
895 2391 1211 2464 augurabatur
1228 2437 1240 2457 ,
1254 2393 1404 2466 quam
1435 2392 1656 2447 beneficii

114 2476 165 2528 in
183 2492 244 2526 eo
257 2517 269 2536 ,
287 2469 420 2544 quod
434 2470 746 2524 voluntatum
762 2467 914 2521 studia
929 2469 1010 2520 fibi
1030 2486 1203 2539 pararet
1219 2471 1342 2541 apud
1359 2471 1490 2524 alios.
1511 2475 1657 2522 Tem-

115 2571 203 2624 pus
219 2595 232 2615 ,
263 2549 477 2621 optimus
509 2548 681 2599 artium
713 2544 930 2620 magister
945 2545 1009 2597 est
1029 2584 1042 2608 ,
1072 2548 1119 2596 δε
1154 2547 1245 2598 tale
1274 2547 1362 2599 esse
1392 2549 1564 2618 poterit
1579 2590 1589 2608 ‚
1605 2561 1658 2597 ut

118 2631 334 2683 astiones
347 2624 551 2678 humiles
570 2624 779 2677 heroicas
796 2621 967 2676 efficiat
981 2657 996 2678 ,
1013 2625 1062 2673 δε
1080 2623 1196 2693 ipsas
1211 2625 1355 2675 etiam
1388 2623 1657 2677 submiffio-

120 2726 204 2760 nes
219 2725 272 2758 ac
289 2703 620 2755 deditionesin
636 2702 821 2755 alterius
849 2699 1132 2772 potestatem
1165 2700 1435 2753 fortitudini
1466 2703 1656 2754 tribuat.

116 2784 243 2839 finis
256 2780 481 2834 honestus
496 2779 798 2833 aclicitusest
818 2779 923 2851 ‚qui
951 2797 1026 2829 eas
1053 2778 1294 2830 nobilitat.
1336 2778 1534 2831 Vitellio
1563 2785 1656 2831 Ta·
1757 2838 1764 2844 .
1821 2836 1827 2842 ,

119 2865 240 2916 citus
255 2858 504 2926 exprobret
524 2901 536 2918 ‚
553 2856 686 2929 quod
692 2857 859 2929 [effari
874 2868 1136 2908 cantantem·
1156 2858 1408 2907 Neronem
1442 2857 1650 2929 fueritso-
1683 2840 1791 2922 ἷζῖζῑ
1808 2835 1898 2871 ¹¹b'2'

117 2938 228 2994 litus
247 2955 359 3004 ,non
376 2934 621 3008 neccssitzzte
636 2971 650 2993 ,
666 2931 760 3010 qud
774 2931 1098 3007 honestisstmm
1122 2931 1309 3008 quisque
1324 2933 1427 3006 ’fi'd
1447 2932 1563 2987 luxu
1581 2940 1649 2995 &³

111 3018 268 3091 fizginae
281 3016 577 3089 mancipatus
596 3009 900 3087 ,emptasquffi
936 3013 1056 3062 Non
1088 3015 1251 3062 minus
1278 3011 1519 3065 constanti
1550 3015 1653 3066 ani·

122 3113 208 3146 mo
224 3111 345 3164 opus
371 3091 464 3155 est,
494 3090 553 3142 ad
578 3091 848 3163 parendum
873 3087 1126 3143 necessitati
1146 3133 1157 3153 ,
1179 3089 1327 3161 quam
1342 3089 1400 3141 ad
1416 3090 1552 3142 illam
1578 3090 1655 3142 su-

1496 3186 1636 3239 peran
1650 3197 1661 3207 -
