2394 3768
747 267 879 339 bia,
901 265 1016 332 ubi
1036 260 1417 329 adolevifl'et
1435 310 1452 338 ‚
1471 259 1630 325 nihil
1647 263 1714 324 in
1730 281 1811 324 eo
1828 257 2095 332 humile,
2115 256 2274 324 nihil

745 368 1098 439 mediocre,
1123 366 1619 430 summaomnia
1636 367 1941 429 extitura.
1965 360 2094 428 Sed
2110 360 2260 428 heu!

752 473 951 559 quam
971 492 1070 535 res
1091 468 1477 534 mortalium
1499 471 1696 533 etiam
1716 470 2160 532 maximorum
2175 472 2264 532 in-

744 570 1006 638 stabiles
1029 577 1040 637 !
1067 576 1194 641 Vix
1210 568 1474 660 ampliffi
1487 591 1667 638 mum
1687 569 1818 636 hoc
1836 569 2073 635 Mundi
2091 570 2265 638 thea-

741 693 929 742 trum
948 674 1414 765 subingressus,
1433 674 1656 742 clai-iffi
1668 698 1837 740 mam
1857 697 2265 765 quaquaver-

743 783 895 847 sum
914 783 1129 849 lucem
1145 781 1452 872 spargere
1469 799 1787 869 coeperat,
1819 780 1980 846 dum
1998 803 2147 847 ecce
2162 781 2266 848 su·-

736 906 1005 974 premus
1026 889 1128 954 ille
1146 893 1298 955 vitae
1320 888 1568 976 necisq;
1591 887 1861 953 Arbiter
1882 887 2265 960 Deus,Prin-

739 997 950 1081 cipem
974 996 1302 1082 optimum
1322 993 1486 1059 caelo
1506 993 1714 1079 magis
1736 992 1939 1082 quam
1972 992 2149 1056 terra
2166 991 2262 1058 di-

732 1119 942 1186 gnum
962 1096 1042 1163 de
1058 1095 1342 1164 statione
1366 1095 1562 1185 jubet
1580 1094 1897 1163 decedere
1913 1145 1928 1168 ‚
1949 1115 2172 1161 recens
2191 1097 2263 1163 il.

739 1199 860 1266 lud
887 1219 1197 1267 exortum
1215 1201 1418 1285 jubar
1438 1200 1826 1266 mortalium
1857 1200 2066 1264 oculis
2085 1197 2261 1264 subi-

734 1304 815 1371 to
850 1307 1151 1390 eripiens.
1214 1304 1376 1368 Haec
1411 1325 1530 1368 nos
1553 1301 1723 1370 serio
1745 1301 2223 1392 perpendentes
2244 1353 2261 1376 ‚

740 1425 875 1470 non
893 1422 1280 1493 poteramus
1297 1404 1515 1492 porro
1534 1426 1670 1470 non
1692 1403 2051 1478 recordari,
2070 1407 2106 1470 e
2128 1406 2259 1470 Do-

733 1529 851 1574 mo
884 1505 1230 1574 Austriaca
1262 1505 1587 1592 ejusmodi
1626 1510 1938 1573 Heroum
1959 1506 2263 1574 feraciffi-

738 1612 847 1677 ma
865 1662 879 1685 ‚
911 1634 986 1679 ex
1006 1634 1149 1701 quo
1182 1608 1595 1679 efflorescere
1616 1611 1716 1676 illa
1733 1615 1975 1699 coepit,
2012 1612 2159 1678 Deo
2174 1611 2261 1679 fic

737 1715 1138 1806 providente
1154 1765 1170 1789 ,
1204 1714 1480 1782 defuisse
1512 1739 1598 1781 nu
1609 1739 1852 1804 nquam
1879 1767 1894 1791 ,
1932 1719 2050 1807 qui
2077 1718 2263 1786 velut

741 1822 923 1889 Soles
985 1820 1259 1911 quidam
1318 1821 1827 1887 coruscantibus
1877 1819 2006 1886 suis
2061 1821 2263 1890 radiis

738 1926 917 1992 hunc
936 1924 1192 1991 Orbem
1211 1921 1695 1991 collustrarent.
1713 1929 1798 1990 Et
1818 1928 1885 1989 in
1904 1924 2267 1995 Germania

741 2029 1014 2126 quidem
1034 2082 1048 2105 ,
1085 2035 1196 2097 cui
1216 2033 1448 2096 Latina
1465 2028 1607 2095 haec
1625 2029 1833 2113 editio
1849 2029 2268 2117 potiffimum

740 2134 1060 2202 destinata
1080 2155 1242 2209 erat,
1262 2135 1372 2201 Tu
1392 2137 1646 2222 primus
1666 2133 2082 2210 occurrebas,
2096 2138 2146 2202 F
2160 2158 2192 2195 E
2206 2155 2267 2195 R-

738 2263 868 2305 n1N
887 2261 1109 2316 ANDE,
1158 2242 1319 2305 REX
1372 2240 1753 2304 Po-rEan
1776 2264 1939 2301 SIME
1973 2293 1988 2316 ,
2033 2243 2270 2330 quinti

736 2350 1233 2414 BALTHASARl
1265 2343 1591 2410 CARoLo
1614 2394 1628 2416 ‚
1648 2361 1845 2409 aetate
1867 2341 2003 2410 fere
2023 2344 2268 2432 suppar

741 2472 838 2526 es,
872 2453 965 2515 ita
992 2452 1240 2537 pariter
1259 2445 1629 2514 virtutibus
1648 2443 1959 2511 omnibus
1988 2444 2071 2511 ad
2101 2446 2267 2511 bene

739 2550 1164 2641 feliciterque
1209 2548 1711 2638 gubernandum
1744 2547 1827 2613 fic
1855 2544 2223 2616 instructus
2247 2599 2266 2622 ,

742 2673 822 2723 ut
844 2651 1069 2742 &ipse
1087 2675 1366 2743 quoque
1383 2654 1519 2718 aliis
1539 2653 1620 2718 ad
1633 2652 2097 2739 imperandum
2113 2676 2264 2720 nor-

745 2779 854 2823 ma
886 2755 1012 2823 effe
1028 2752 1224 2842 poffis
1247 2777 1322 2822 ac
1350 2756 1593 2843 regula.
1634 2755 1820 2819 Nihil
1848 2755 2224 2824 blandimur
2242 2807 2258 2831 ,

741 2864 1100 2952 proprium
1133 2857 1263 2925 hoc
1293 2864 1478 2947 paene
1523 2859 1617 2925 est
1636 2909 1651 2933 ,
1690 2862 1759 2926 &
1794 2864 2092 2927 nativum
2124 2861 2264 2926 Au-

743 2967 990 3032 striaco
1025 2962 1342 3051 Sanguini
1367 3017 1384 3040 ,
1411 2984 1612 3051 quem
1638 2961 1835 3051 longa⁴
1851 2964 2161 3031 natalium
2178 2962 2266 3029 se-

2168 3089 2267 3133 rie
