2394 3768
739 310 818 347 2¹6
1105 301 1412 342 DIDACI
1472 301 1935 343 SAAVEDRAE

734 370 992 444 perandam
1013 412 1023 431 ,
1037 371 1087 420 ὅ(
1115 368 1250 439 quod
1279 369 1484 439 abjeffio
1515 369 1760 422 interdum
1790 386 1979 440 putatur
1997 413 2010 436 ‚
2038 371 2090 421 &
2114 369 2282 434 vilitas,

736 451 936 503 honoris
950 446 1014 499 est
1031 446 1245 498 studium
1261 491 1274 511 ,
1291 447 1493 519 quando
1521 447 1752 499 nimirum
1771 447 1829 499 ad
1861 447 1993 500 hunc
2007 467 2113 500 non
2142 448 2282 500 amit-

734 524 937 577 tendum
954 539 1033 584 aut
1049 525 1171 576 certe
1189 523 1245 575 ad
1262 525 1650 579 conservandum
1669 571 1682 590 ,
1700 525 2048 578 dissimulantur
2066 526 2124 578 ad
2155 544 2281 580 tem-

730 621 817 674 pus
830 599 1040 654 offensae.
1075 600 1181 668 Qi
1197 600 1329 654 illico
1344 601 1585 655 ultionem
1603 620 1728 674 parat
1742 638 1758 660 ,
1776 601 1930 675 magis
1947 602 2151 673 paffione
2168 603 2281 655 duci

727 680 773 732 se
789 678 896 732 sinit
911 725 923 745 ,
943 679 1092 752 quam
1108 679 1310 731 honore.
1333 680 1590 732 Iracundiae
1610 681 1810 754 quidem
1828 680 1882 732 fit
1895 679 2004 732 satis
2023 698 2103 742 5at
2120 680 2281 735 divul-

729 775 867 831 gatur
883 755 1119 829 amplius,
1156 756 1489 828 &publicatur
1508 759 1722 811 infamia.
1744 779 1745 782 ¹
1766 762 1815 809 O
1841 760 2031 844 quoties
2062 758 2282 845 profusus

725 836 917 910 sanguis
933 834 1115 888 rubrica
1129 836 1235 898 fuit,
1252 854 1345 908 qua
1362 836 1800 890 conscriberentur
1788 832 1993 906 mjuriae!
2018 838 2210 907 quoties
2227 836 2280 889 in

726 912 831 984 ipso
846 910 1143 966 offendentis
1163 912 1295 965 vultu
1311 913 1587 966 vulneribus
1604 914 1804 968 conciso
1821 914 1974 987 legere
2001 912 2135 969 licuit
2153 915 2280 966 cica-

726 991 923 1045 tricibus
939 989 1067 1063 quasi
1082 989 1219 1042 literis
1234 990 1525 1064 quibusdam
1544 1009 1779 1045 exaratam
1792 989 1960 1044 offenfi
1992 991 2277 1044 infamiam!

728 1066 901 1139 Saepius
917 1066 1128 1121 vindicta
1134 1069 1316 1141 ,quam
1324 1068 1695 1122 diffimulatione
1712 1069 1980 1141 deperditus
1997 1068 2088 1121 fuit
2104 1067 2282 1121 honos.

728 1145 827 1198 haec
842 1140 1147 1200 oblivionem
1165 1147 1352 1200 inducit
1366 1189 1383 1212 Α,
1397 1147 1478 1200 illa
1497 1150 1786 1208 memoriam
1807 1146 2080 1221 :magisque
2097 1148 2148 1198 in
2165 1165 2282 1198 eum

734 1224 1025 1293 conjicimus
1051 1223 1221 1277 oculos
1241 1226 1350 1297 ,qui
1379 1227 1601 1296 injuriam
1631 1226 1812 1292 accepit
1830 1227 2008 1297 ,quam
2026 1225 2107 1296 qui
2136 1223 2285 1276 ultio..

731 1319 849 1353 nem
865 1302 1101 1355 sustinuit.
1134 1302 1240 1375 Qi
1254 1301 1460 1374 prudens
1478 1303 1678 1357 honoris
1693 1303 1761 1354 sui
1774 1302 2031 1354 aestimator
2049 1302 2185 1365 est‚in
2206 1301 2282 1353 bi-

734 1377 889 1431 lance
891 1386 1015 1431 eu'm
1021 1379 1218 1451 pendit,
1237 1401 1311 1434 ac
1321 1381 1479 1434 librat
1477 1401 1591 1433 cum
1611 1379 1856 1443 vindicta,
1873 1380 1949 1433 cui
1965 1379 2046 1432 ille
2066 1379 2283 1448 ,adjecto

727 1474 1026 1530 quocunque
1040 1459 1280 1510 facomate
1296 1460 1477 1512 notitiae
1489 1457 1706 1531 publicae,
1712 1458 1927 1510 multum
1942 1458 2282 1529 praeponderat.

847 1535 938 1586 Etsi
956 1534 1066 1589 vero
1080 1537 1279 1621 Principi
1295 1536 1587 1601 suaserim‚ut
1602 1537 1787 1589 famam
1803 1535 2086 1607 popularem
2097 1534 2287 1606 insuper

731 1609 930 1675 habeat3
942 1612 1048 1669 hoc
1053 1621 1219 1666 tamen
1235 1615 1287 1666 in
1304 1613 1484 1667 cafibus
1497 1614 1658 1666 solum
1673 1613 1822 1670 allatis
1830 1613 1983 1669 velim
1998 1611 2197 1687 intelligi
2218 1610 2283 1678 ,fi

733 1689 972 1741 nimirum
989 1692 1219 1760 jacturam
1246 1691 1373 1744 illius
1390 1692 1582 1744 bonum
1602 1690 1854 1761 publicu-m
1873 1658 2183 1762 compenset?
2197 1706 2280 1750 aut

733 1765 864 1817 aliter
879 1766 1130 1836 lmpediret
1148 1769 1341 1839 negotia
1359 1770 1522 1841 magni
1540 1770 1811 1832 momenti,
1833 1778 1937 1840 quae
1967 1768 2177 1838 Populus
2203 1783 2285 1820 aut

733 1860 841 1892 non
862 1844 998 1912 capit,
1002 1859 1081 1895 aut
1098 1840 1220 1894 certe
1235 1863 1339 1896 non
1357 1844 1482 1896 reete
1494 1845 1730 1920 intelligit:
1746 1865 1862 1898 nam
1877 1845 2033 1917 postea
2053 1844 2283 1898 succeffus

735 1917 817 1970 iste
829 1919 1025 1983 felicior,
1029 1921 1079 1969 ὅ(
1095 1921 1157 1972 rei
1174 1920 1635 1977 honesta52amiffam
1651 1924 1835 1975 famam
1853 1942 1968 1976 cum
1987 1921 2121 1975 usura
2134 1924 2279 1975 etiarn

736 1992 1098 2049 existimationis
1111 1999 1161 2048 ὅ(
1179 1997 1377 2050 honoris
1392 1999 1658 2051 restituunt.
1674 2001 1870 2051 Interim
1890 1999 2143 2070 prudenter
2159 1999 2285 2053 fece-

734 2074 791 2124 rit
807 2074 1037 2144 Princeps,
1055 2074 1087 2125 fi
1101 2074 1263 2146 quoad
1276 2074 1371 2127 ficri
1389 2075 1558 2145 potest,
1571 2076 1752 2147 semper
1765 2080 1978 2128 actiones
1992 2076 2173 2142 sua5‚ad
2193 2097 2282 2148 po-

732 2148 946 2219 pularem
980 2170 1142 2203 auram
1173 2151 1549 2205 accommodare
1565 2153 1770 2210 studeat:
1787 2153 1986 2206 eosdem
2014 2156 2148 2208 enim
2179 2158 2280 2210 fere

733 2224 934 2279 effeetus
950 2271 961 2291 ,
980 2248 1035 2280 ac
1047 2228 1243 2281 verailla
1257 2229 1411 2302 gloria
1423 2234 1609 2300 operari·
1627 2231 1761 2283 solet.
1801 2235 2013 2304 Vtraque
2042 2236 2094 2284 in
2112 2233 2277 2285 horni-

733 2321 857 2356 num
885 2305 1235 2378 imaginatione
1252 2307 1317 2359 est
1345 2307 1493 2378 posita
1513 2353 1524 2371 ,
1566 2309 1616 2359 ὅ(
1650 2327 1741 2363 vox
1773 2310 2008 2381 popularis
2034 2328 2279 2363 nonnun-

732 2399 912 2452 quam,
933 2382 1168 2436 licetfalsa
1183 2383 1236 2436 sit
1252 2428 1265 2449 ,
1283 2400 1471 2437 tantam
1495 2403 1701 2439 meretur
1737 2385 1888 2440 fidem
1909 2404 1990 2451 ,ut
2016 2387 2159 2440 nullo
2185 2406 2279 2440 un-

727 2477 878 2531 quam
893 2461 1055 2533 postea
1071 2477 1387 2535 tempore,aut
1401 2464 1595 2517 actione
1610 2462 1844 2519 contraria
1856 2465 2095 2521 obliterari
2106 2464 2274 2520 valeat.

2097 2846 2281 2898 sYM-
