2394 3768
455 1426 563 1463 Tacit.
582 1427 675 1463 lib.2.

456 1478 544 1512 Hist.

469 2521 549 2553 Tac.
566 2517 623 2554 lib.
632 2532 643 2552 1
652 2530 683 2561 4.

470 2570 586 2605 Annal.

700 360 752 391 62
1042 343 1351 385 DlDACI
1415 336 1879 380 SAAVEDRAE

700 441 768 474 res
788 416 897 473 vero
915 416 963 466 in
978 415 1050 476 iis,
1064 431 1143 482 per
1158 430 1262 483 quae
1278 409 1337 462 ad
1356 409 1610 461 lautiorem
1627 406 1772 459 redire
1786 407 2035 460 fortunam
2054 451 2066 473 ‚
2095 408 2146 459 ὅ(
2163 425 2260 458 no-

702 497 895 550 bilitatis
913 493 936 542 s
934 510 1002 541 uae
1018 489 1328 560 splendorem
1346 487 1461 540 tueri
1479 485 1679 540 valeant.

815 577 866 627 §-
886 567 1158 620 AEmulatio
1174 566 1330 638 aliqua
1341 561 1658 640 gloriosa2illa
1677 562 2035 633 nimirutn‚quae
2048 581 2152 616 non
2169 561 2264 616 vir-

704 649 812 710 tuti,
824 662 905 698 aut
922 645 1086 697 alienae
1099 642 1280 696 invidet
1296 641 1580 694 excellentia-e
1595 684 1607 704 ,
1626 638 1705 690 sed
1725 637 1777 692 ea
1790 638 1976 692 destitui
1993 641 2038 691 se
2053 639 2201 704 dolet,
2212 641 2266 688 <Sc

703 714 898 800 egregiis
913 721 1246 792 experimentis
1264 719 1360 792 qua
1373 716 1668 771 fortitudinis
1687 760 1700 780 ,
1728 716 1823 789 qua
1849 718 2030 790 ingenii
2065 716 2123 768 ad
2154 735 2263 769 eam

707 803 900 873 aspirare
930 798 1188 852 contendit
1205 838 1220 862 ,
1232 798 1312 851 illa
1327 843 1339 862 ‚
1358 797 1562 868 inquam
1579 839 1590 859 ‚
1611 811 1815 847 meretur
1845 793 2041 846 laudem
2069 815 2080 843 :
2111 813 2269 866 neque

707 882 841 933 enim
857 878 1029 933 vitium
1045 876 1223 929 censeri
1242 873 1486 938 debet‚sed
1504 871 1707 925 scintilla
1723 871 1946 946 quaedam
1959 873 2270 944 virtutis2quae

708 977 764 1010 ex
777 957 946 1010 animo
959 953 1179 1006 nobili&
1194 952 1430 1027 generoso
1443 951 1638 1001 eminet.
1669 950 1832 1001 Gloria
1851 960 1867 1014 ‚'
1894 969 2044 1022 quam
2062 949 2272 1002 Miltiadi

709 1034 905 1089 viCtoria
921 1049 1090 1085 contra
1110 1031 1262 1083 Persas
1277 1031 1451 1101 peperit
1466 1063 1482 1084 ,
1499 1030 1562 1080 ita
1575 1027 1795 1079 accendit
1808 1026 2146 1081 Themistoclis
2163 1028 2269 1079 ani-

709 1131 851 1163 mum
871 1154 883 1173 ,
917 1108 1217 1181 utquicquid
1236 1110 1286 1160 in
1306 1127 1365 1160 eo
1382 1104 1490 1159 effet
1508 1105 1604 1159 vitii
1623 1148 1635 1168 ‚
1650 1105 1961 1157 flammaeillae
1985 1104 2119 1158 illico
2136 1104 2279 1158 absu-

710 1205 896 1240 merent
910 1214 923 1250 5
939 1187 1034 1258 ipse
1047 1186 1222 1239 veroin
1239 1185 1388 1237 alium
1408 1200 1621 1235 mutatus
1640 1182 1896 1235 hominem
1915 1228 1926 1246 ‚
1942 1184 1992 1233 ὃ(
2007 1182 2136 1255 quafi
2152 1199 2276 1234 extra

709 1267 755 1318 se
772 1264 948 1336 positus
969 1306 981 1326 ,
999 1265 1205 1315 Athenas
1229 1260 1593 1333 perambularet,
1611 1279 1666 1312 ac
1681 1259 1876 1312 diceret:
1894 1264 1942 1311 N
1948 1278 2001 1314 ec
2017 1258 2277 1316 Miltiadis

709 1340 955 1418 trophaeisft’
971 1337 994 1391 ἑ
998 1339 1158 1412 somno
1172 1341 1381 1394 excitari.
1413 1335 1671 1404 Qamdiu
1687 1336 1909 1407 Vitellius
1936 1336 2103 1390 habuit
2127 1356 2279 1389 aemu-

710 1422 786 1473 los
803 1463 816 1483 ,
843 1418 868 1471 ἐι
894 1418 1013 1472 vitiis
1038 1417 1134 1469 sese
1162 1417 1388 1469 abstinuit
1415 1443 1429 1479 5
1457 1432 1504 1467 at
1533 1413 1674 1466 simul
1699 1434 1754 1467 ac
1782 1414 1848 1468 illi
1877 1414 2066 1467 defuere
2090 1450 2107 1471 ,
2142 1414 2276 1467 ‘Tum

710 1498 796 1574 ipſs
812 1490 1320 1569 exercitiisquesszvitiai,
1336 1491 1524 1547 libidine
1535 1527 1551 1548 ,
1579 1506 1708 1568 raptu
1718 1495 1767 1546 in
1780 1505 2004 1546 extremos
2018 1508 2161 1544 mom
2167 1506 2275 1567 pro-

710 1563 938 1651 ruperunt.
981 1572 1107 1623 Talis
1124 1571 1189 1623 est
1210 1570 1484 1625 aemulatio,
1517 1588 1668 1642 quam
1695 1570 1993 1641 Respublica:
2014 1570 2173 1624 fovere
2190 1569 2279 1621 de-

712 1651 835 1704 bent
862 1646 1109 1721 propositis
1136 1649 1334 1720 praemiis
1353 1694 1366 1714 ‚
1392 1647 1554 1700 eretffis
1583 1645 1802 1719 trophaeis
1831 1667 1885 1699 ac
1909 1647 2096 1700 statuis:
2114 1649 2278 1703 anima

712 1730 849 1782 enim
866 1727 930 1780 est
946 1728 997 1777 ὅ(
1009 1728 1210 1798 spiritus,
1231 1726 1405 1798 quibus
1421 1726 1511 1778 illae
1526 1725 1936 1789 conservantur‚&
1955 1724 2111 1800 magis
2124 1723 2277 1777 indies

715 1806 1034 1860 efflorescunt.
1064 1808 1223 1876 Atque
1242 1803 1367 1856 hanc
1382 1801 1588 1856 caussam
1603 1802 1689 1855 effe
1703 1819 1824 1874 puto
1844 1838 1859 1860 ,
1890 1821 1970 1856 cur
1986 1802 2275 1874 Respublica

713 1884 915 1937 Helveta
945 1899 1043 1934 tam
1057 1900 1224 1951 parum
1252 1881 1432 1935 laboret
1454 1881 1563 1932 suos
1580 1879 1700 1932 fines
1715 1879 1905 1932 ulterius
1918 1881 2170 1933 extendere
2185 1924 2198 1944 ,
2223 1880 2276 1931 &

716 1980 796 2014 cur
815 1979 868 2013 ex
881 1958 1043 2011 eadem
1060 1977 1159 2011 tam
1178 1960 1261 2010 rari
1277 1958 1357 2013 viri
1370 1958 1645 2011 illustriores
1661 1956 1898 2027 prodeant
1912 2002 1924 2021 ‚
1954 1956 2139 2009 tametsi
2160 1956 2273 2010 alias

716 2043 900 2090 Natura
918 2038 1143 2088 virtutem
1159 2036 1208 2086 &
1225 2036 1376 2087 animi
1388 2035 1533 2087 robur
1546 2034 1600 2086 iis
1621 2034 1824 2086 minime
1840 2033 2078 2109 denegarit
2107 2056 2117 2083 ε
2155 2054 2275 2088 nam

717 2116 1007 2188 praecipuum
1027 2131 1195 2165 eorum
1219 2113 1490 2165 institutum
1504 2111 1566 2162 est
1583 2155 1599 2175 ,
1622 2112 1794 2164 servare
1820 2113 1942 2162 inter
1955 2131 2129 2164 omnes
2143 2112 2196 2163 ὃς
2221 2113 2276 2165 in

719 2192 956 2245 omnibus
968 2190 1287 2263 aequalitatem
1307 2217 1321 2251 3
1343 2208 1445 2262 quo
1461 2193 1568 2243 casu
1588 2188 1723 2241 cessat
1739 2189 1903 2240 omnis
1916 2188 2161 2241 aemulatio
2179 2235 2192 2255 ‚
2209 2205 2281 2243 at-

718 2290 814 2342 que
842 2266 963 2320 adeo
988 2270 1179 2332 virtutes
1208 2269 1400 2342 egregiae
1415 2268 1462 2319 ὅτ
1483 2266 1703 2319 militares
1718 2264 1862 2318 veluti
1888 2265 2105 2319 ardentes
2117 2286 2279 2339 prunae

720 2349 809 2400 sub
825 2346 1060 2399 cineribus
1072 2342 1341 2415 sopiuntur.

831 2429 885 2480 §-
923 2420 1102 2475 Verum
1125 2425 1344 2494 quamvis
1358 2422 1440 2475 illa
1469 2422 1590 2474 inter
1616 2421 1863 2474 Ministros
1879 2421 2124 2475 aemulatio
2151 2420 2281 2476 utilis

721 2500 932 2556 videatur
948 2544 961 2564 ‚
990 2518 1096 2552 non
1123 2501 1266 2551 omni
1284 2515 1448 2552 tamen
1465 2515 1598 2554 vacat
1623 2498 1865 2570 periculo:
1900 2498 2106 2577 Populus
2124 2502 2276 2556 enim,

721 2580 802 2653 qui
815 2579 1045 2630 neminem
1049 2575 1151 2649 fine
1164 2575 1318 2629 amulo
1330 2580 1461 2651 finit,
1478 2576 1599 2629 varie
1612 2574 1810 2630 affectus
1822 2576 1887 2629 est
1899 2603 1912 2641 3
1931 2577 2062 2630 unde
2076 2576 2198 2631 dum
2211 2578 2282 2632 isti

724 2657 827 2720 uni,
844 2655 914 2707 illi
935 2654 1059 2707 alteri
1080 2653 1303 2724 plausum
1318 2655 1453 2718 dant,
1470 2655 1725 2708 contentio
1742 2657 1864 2707 inter
1879 2654 2105 2728 utrosque
2118 2658 2280 2720 oritur,

725 2734 775 2785 ὃ(
795 2734 1001 2803 partium
1015 2731 1173 2783 studio
1190 2734 1496 2785 concitantur
1509 2731 1746 2784 tumultus
1760 2751 1814 2785 ac
1829 2729 2101 2785 seditiones,
2135 2739 2286 2787 Acce-

730 2810 802 2862 dit
819 2855 832 2874 ,
856 2808 991 2882 quod
1006 2808 1291 2862 ambitionis
1315 2808 1449 2862 ardor
1464 2849 1478 2874 ,
1506 2810 1557 2860 ὅ(
1584 2809 1814 2880 cupiditas
1829 2810 2056 2862 efferendi
2073 2810 2120 2862 se
2146 2805 2283 2882 supra

733 2887 853 2940 alios
866 2886 923 2939 ad
940 2885 1143 2950 fraudes,
1158 2885 1369 2960 artesque
1380 2886 1562 2941 illicitas
1577 2886 1815 2957 impellere
1831 2887 1994 2951 soleat,
2010 2889 2059 2939 ὅ(
2072 2906 2178 2960 quae
2191 2889 2287 2941 ho-

733 2965 861 3017 nesta
879 2963 1090 3035 primum
1103 2981 1197 3016 erat
1215 2965 1459 3017 aemulatio
1477 3009 1490 3028 ‚
1520 2966 1571 3016 in
1588 2963 1761 3017 odium
1783 2965 1986 3019 tandem
2002 2980 2145 3038 atque
2161 2967 2284 3021 invi-

734 3041 866 3094 diam
882 3041 1148 3117 degeneret.
1182 3040 1412 3095 Offensus
1427 3041 1549 3094 olim
1568 3042 1792 3095 Metellus
1807 3089 1819 3109 ,
1841 3041 1974 3117 quod
1991 3043 2042 3095 in
2055 3041 2284 3114 Hispania

732 3119 963 3175 Citeriore
981 3121 1213 3191 Pompcjo
1244 3117 1475 3174 succeffor
1492 3121 1825 3175 nominaretur
1841 3166 1855 3187 ‚
1885 3122 1933 3172 δε
1948 3119 2110 3195 gloriae
2135 3125 2287 3175 Pom-

2109 3217 2290 3270 peJanae·
