2394 3768
715 344 792 384 174
1033 323 1341 366 DIDACI
1403 321 1871 364 SAAVEDRAE

714 402 799 474 git.
813 395 968 462 Qod
986 394 1016 446 si
1034 397 1178 447 etiam
1195 390 1437 445 interdum
1454 393 1505 444 iis
1523 392 1741 467 largiatur
1759 394 2043 459 victoriasfid
2063 412 2168 446 non
2188 391 2264 444 iri-

716 474 1010 528 vocationi2s
1004 472 1062 522 ed
1079 471 1237 524 cauffis
1253 470 1351 523 aliis
1366 470 1572 524 occultis
1591 470 1899 525 Providentiae
1913 470 2083 523 divinae
2103 469 2270 522 afferi-'

719 550 957 606 bendum.
987 553 1043 601 In
1061 549 1129 601 siti
1142 546 1220 601 illa
1233 587 1246 614 ,
1277 547 1371 620 qua
1396 549 1622 609 exercitus
1651 552 1908 601 Romanus
1938 547 2183 601 laborabat
2211 550 2263 599 in

716 627 849 682 bello
867 627 1295 683 Marcomannico,-
1312 625 1480 697 placari
1499 624 1627 679 haud
1641 628 1799 698 potuit
1819 630 1949 679 Deus
1963 625 2197 679 sacrificiis
2213 626 2265 676 ὅ(

714 705 932 776 precibus
949 706 1227 780 Legionum
1247 703 1515 756 Gentilium
1529 743 1542 767 2
1566 704 1728 757 donec
1745 704 1945 756 tandem
1965 704 2114 777 Legio
2128 702 2269 755 Chri-

714 784 980 836 stianorum
997 784 1185 837 decima
1203 783 1301 854 ejus
1321 780 1596 853 imploraret
1615 782 1867 835 auxilium:
1899 799 2018 834 tunc
2031 781 2164 833 enim
2182 800 2270 832 co-

715 860 1026 933 piofiffimum
1050 861 1104 913 iis
1134 860 1342 912 imbrem
1359 860 1617 929 impertivit
1632 905 1644 925 ‚
1669 861 1718 911 &
1737 860 1944 912 fulmina
1977 859 2026 911 in
2056 858 2269 910 hostium

715 938 879 992 direxit
898 941 1049 991 aciem
1063 953 1137 1001 ‚ut
1151 937 1277 990 facili
1296 938 1497 1011 negotio
1515 941 1715 990 vistores
1730 937 1984 992 evaderent
1998 964 2012 1001 3
2028 935 2160 989 unfle
2177 941 2271 988 Le-

715 1019 798 1093 gio
810 1016 887 1070 illa
903 1016 1064 1088 postea
1081 1016 1391 1069 Fulminatrix
1405 1014 1533 1066 dieta
1544 1015 1623 1069 est.
1639 1017 1681 1068 Si
1697 1017 1801 1070 viva
1819 1016 2000 1086 semper
2016 1011 2124 1066 esset
2141 1012 2271 1065 fidu-

720 1103 789 1147 cia
806 1093 884 1147 illa
902 1114 956 1146 ac
985 1094 1100 1147 fides
1117 1139 1128 1158 ‚
1156 1093 1356 1146 eosdem
1385 1094 1660 1145 etiamnum
1685 1111 1952 1166 operaretur
1973 1089 2199 1155 effectus3
2225 1106 2273 1144 at

717 1174 852 1225 enim
869 1217 882 1236 ,
899 1174 1010 1244 quia
1029 1187 1109 1224 aut
1127 1171 1210 1223 ista
1224 1170 1397 1223 desunt
1411 1215 1424 1234 ‚
1450 1188 1530 1223 aut
1546 1188 1732 1242 propter
1758 1171 1876 1223 alios
1907 1169 2129 1223 occultos
2153 1169 2274 1221 fines

716 1250 946 1321 permittit
974 1253 1105 1321 Deus
1119 1284 1135 1307 2
1166 1265 1219 1301 ut
1237 1247 1368 1302 bello
1387 1247 1666 1321 subigantur
1682 1251 1825 1301 etiam
1842 1247 1897 1314 ii,
1925 1249 2008 1320 qui
2039 1265 2204 1301 verum
2231 1247 2272 1299 ei

717 1327 907 1381 cultum
926 1326 1149 1379 deferunt
1167 1355 1180 1391 3
1197 1325 1334 1399 quod
1354 1324 1474 1377 dum
1496 1325 1549 1376 fit
1568 1369 1580 1389 ‚
1610 1345 1716 1378 non
1736 1326 2142 1397 triumphantium
2160 1343 2277 1395 prae·

716 1407 876 1457 mium
889 1405 952 1456 est
970 1448 981 1468 ‚
1012 1403 1093 1456 sed
1115 1424 1284 1456 eorum
1300 1440 1316 1461 ,
1344 1404 1427 1475 qui
1452 1405 1711 1456 vincuntur
1728 1448 1740 1468 ,
1772 1404 2018 1477 castigatio
2040 1423 2094 1454 ac
2115 1421 2277 1474 poena.

718 1485 908 1553 Semper
934 1482 1091 1554 itaque
1107 1483 1158 1533 in
1186 1482 1457 1553 Principum
1486 1482 1714 1534 manibus
1745 1482 1974 1534 vexillum
2004 1482 2171 1533 Crucis
2201 1480 2280 1532 su-

718 1559 868 1612 blime
881 1557 1044 1611 volitet
1059 1587 1073 1623 5
1105 1557 1424 1634 significatum
1441 1578 1519 1629 per
1533 1559 1697 1611 ensem
1715 1559 1875 1622 illurn,
1891 1577 2041 1632 quem
2057 1559 2276 1611 Ieremias

468 1647 483 1670 Α
499 1648 596 1690 Accipe
617 1643 690 1690 sm·
720 1637 847 1689 Iudae
866 1636 1153 1690 Machabaeo
1172 1639 1191 1671 d
1218 1638 1420 1708 porrexit
1438 1680 1449 1697 ‚
1466 1634 1688 1689 uthostes
1711 1636 1821 1688 suos
1849 1638 2030 1710 fugaret
2050 1655 2059 1686 :
2083 1636 2280 1689 sumant

468 1695 692 1786 iniissukgifii'iin
722 1717 840 1768 item
856 1714 1124 1788 Religionis
1139 1715 1346 1777 scutum,
1364 1713 1413 1762 ὅ(
1429 1711 1511 1763 sibi
1529 1729 1719 1783 ponant
1735 1730 1846 1765 ante
1862 1712 2033 1766 oculos
2045 1728 2277 1767 aeternum

469 1792 690 1883 i'jislg‘ffi‘jjjff‘
724 1793 870 1845 illum
883 1793 1049 1864 ignem
1066 1825 1082 1847 ‚
1109 1791 1192 1862 qui
1213 1789 1452 1842 Persarum
1472 1792 1624 1864 Reges
1638 1789 1850 1843 anteibat
1866 1836 1879 1857 ‚
1897 1790 2195 1864 Symbolum
2209 1790 2281 1844 al-
2350 1808 2353 1811 ·

469 1853 517 1924 {¹
530 1853 659 1924 ἐμὼ]
724 1870 862 1922 terius
878 1868 1289 1939 incircumscripti,
1307 1867 1332 1919 a
1349 1886 1450 1939 quo
1466 1868 1620 1920 radios
1635 1868 1745 1920 suos
1761 1868 1841 1920 Sol
1859 1870 2046 1939 accipit.
2064 1873 2180 1920 Haec
2196 1887 2276 1921 ve-
2298 1894 2301 1897 ¹

472 1951 499 1973 ⁶·
521 1950 562 1981 ¹5‘
576 1941 663 1970 ἀῶ·
723 1966 769 1999 ra
785 1946 975 2020 Religio
992 1945 1073 2009 est,
1088 1965 1236 2018 quarn
1255 1943 1428 1995 milites
1448 1945 1712 1998 adorabant
1731 1989 1741 2007 ‚
1755 1947 1944 2017 quoties
1960 1945 2204 2016 provoluu
2219 1947 2274 1999 in

723 2043 881 2098 genua
904 2022 1246 2076 venerabantur
1261 2021 1486 2073 vexillum
1504 2057 1518 2078 ³
1548 2022 1682 2094 quod
1701 2023 1940 2075 Labarum
1958 2024 2276 2076 Constantini

724 2101 1021 2171 Imperatoris
1033 2099 1442 2153 vocabatur.Cum
1457 2100 1590 2150 enim
1603 2103 1730 2152 Crux
1744 2101 1964 2173 quaedam
1981 2099 2101 2154 lucis
2114 2099 2276 2170 splen-

726 2178 840 2229 dore
857 2178 906 2229 in
921 2176 1035 2229 caelo
1052 2175 1305 2229 efformata
1324 2196 1437 2228 cum
1453 2177 1762 2248 inscriptione
1776 2222 1787 2242 ‚
1801 2178 1858 2230 In
1875 2176 2081 2252 hocstgno
2095 2181 2275 2244 vinces,

727 2256 978 2307 victoriam
996 2254 1063 2306 illi
1083 2271 1249 2307 contra
1276 2256 1583 2306 Maxentium
1600 2257 1927 2325 promitteret,
1952 2255 2183 2309 vexillum
2200 2256 2278 2311 ista

728 2331 886 2385 forma
904 2331 996 2384 fieri
1011 2332 1241 2403 praecepit,
1255 2351 1405 2404 quam
1420 2332 1628 2402 praesenti
1648 2333 1951 2386 Emblemate
1967 2333 2184 2398 exhibe0‚
2200 2335 2283 2386 su-

478 2426 597 2481 euseb.
614 2427 670 2467 1.9.
731 2412 874 2482 perne
892 2430 1005 2462 cum
1023 2410 1161 2462 literis
1177 2414 1230 2461 X.
1253 2411 1302 2461 &
1324 2413 1367 2461 P.
1386 2410 1646 2463 chara&ere
1659 2413 1874 2464 nominis
1893 2410 2064 2463 Christi
2081 2457 2091 2476 ‚
2108 2413 2158 2463 &
2174 2411 2283 2464 lite-

476 2476 678 2559 lgffssglss'ffr'ofl
731 2489 789 2540 ris
805 2489 975 2540 Graecis
993 2486 1146 2559 Alpha
1163 2489 1213 2539 ὃς
1226 2491 1435 2561 Omega,
1451 2507 1557 2560 quae
1572 2489 1661 2540 Dei
1679 2489 1790 2541 sunt
1805 2488 2102 2562 Symbolum
2120 2534 2133 2555 ,
2147 2491 2284 2561 prin-

476 2574 624 2620 ἥψω.
734 2566 840 2637 cipii
857 2567 905 2615 &
923 2564 1030 2616 finis
1046 2584 1200 2619 rerum
1215 2566 1460 2619 omnium.
1479 2565 1669 2619 Vexillo
1684 2566 1836 2619 isthoc
1850 2565 1915 2619 usi
1930 2566 2040 2620 sunt
2057 2567 2282 2638 deinceps

479 2652 698 2696 Genebr-1-4·
731 2646 1041 2714 Imperatores
1066 2644 1218 2718 usque
1247 2642 1306 2696 ad
1337 2660 1553 2714 tempora
1582 2644 1754 2697 Iuliani
1779 2644 2028 2716 Apostatae.
2073 2648 2280 2697 Ioannes

481 2702 700 2737 Chromanno

484 2762 577 2791 1572,
734 2740 933 2793 quoque
952 2721 1215 2775 Austriacus
1229 2722 1280 2774 in
1300 2721 1539 2773 omnibus
1554 2721 1645 2774 suis
1659 2720 1799 2795 signis
1815 2727 2025 2775 Crucem
2040 2722 2280 2775 efformari

482 2800 566 2879 {⁸42³ss
581 2799 650 2881 hliiss‘
733 2797 868 2867 jussit,
885 2817 998 2850 cum
1016 2800 1104 2852 isto
1118 2799 1349 2852 lemmate
1366 2820 1376 2849 :
1395 2799 1495 2850 His
1506 2802 1649 2850 armis
1665 2801 1763 2854 vici
1790 2802 1972 2854 ‘furcas
1986 2844 1997 2864 ,
2026 2799 2182 2873 iisdem
2195 2801 2279 2853 vi-

481 2907 508 2928 c.
527 2859 579 2930 ιὲζ
642 2861 694 2892 '⁷'
732 2877 913 2927 ‹Jurum
925 2894 999 2927 me
1011 2874 1180 2949 confido
1195 2882 1262 2939 ξς
1280 2876 1537 2929 Haraicos.
1558 2879 1657 2928 Rex
1677 2875 1955 2948 Alphonsus
1978 2882 2187 2951 Magnus
2205 2895 2281 2929 ea-

733 2951 848 3003 dem
860 2951 1000 3004 verba
1013 2956 1179 3006 Crucis
1191 2953 1606 3006 Constantinianae
1621 2955 1671 3006 in
1686 2955 1780 3008 alio
1796 2954 2015 3027 quodam
2031 2953 2187 3025 posuit
2201 2974 2280 3008 ve-

733 3028 852 3095 xillo
868 3062 883 3084 ‚
898 3028 1033 3101 quod
1047 3031 1097 3081 in
1113 3032 1301 3103 templo
1317 3031 1548 3084 Ovetano
1562 3031 1720 3101 postea
1737 3033 1914 3085 obtulit
1933 3055 1942 3082 ε
1958 3034 2007 3083 6<
2023 3034 2076 3083 iis
2089 3030 2192 3101 ipsis
2210 3032 2279 3085 uti

729 3105 1045 3180 placuit,s1cut
1059 3107 1108 3157 ὃ(
1126 3107 1286 3161 labaro
1300 3108 1609 3162 Constantini
1628 3126 1716 3180 pro
1733 3111 1946 3183 praesenti
1964 3109 2282 3238 Emblepiiate,

2114 3206 2137 3239 a
2186 3207 2281 3240 im-
