2394 3768
753 370 832 410 592
1106 346 1407 388 D1DA<31
1469 348 1926 388 sAAVEDRAE

755 417 958 482 dicium)
981 415 1235 464 Romanos
1253 411 1412 464 effecit
1427 411 1553 464 orbis
1570 411 1823 464 dominos.
1836 411 2057 464 Similiter
2077 412 2277 484 Hispani

754 491 1028 565 excogitatis
1042 489 1174 542 variis
1192 506 1437 540 armorum
1454 490 1719 563 ignitorum
1735 489 2158 563 generibu5,alium
2179 510 2275 543 no-

758 588 874 624 vum
887 568 1055 620 orbem
1070 567 1158 617 suo
1182 565 1483 636 subjecerunt
1511 567 1713 636 imperio
1731 601 1747 623 ,
1776 568 1824 615 ὃς
1853 566 2194 618 Monarchiam
2223 570 2274 620 in

755 646 940 716 Europa
964 660 1229 697 erexerunt:
1256 648 1306 695 in
1323 645 1375 696 iis
1389 645 1521 695 enim
1541 645 1748 695 maxime
1766 662 1888 711 opus
1903 644 1966 695 est
1992 643 2275 697 fortitudine

755 724 970 778 animi&
987 719 1252 776 constantia
1269 765 1280 784 ,
1298 740 1402 793 quae
1419 721 1608 791 propriae
1624 722 1733 773 sunt
1748 722 1973 777 Nationis
1989 721 2115 772 istius
2133 722 2276 774 virtu·

754 802 971 856 tesHuic
983 800 1230 853 elemento
1244 800 1369 872 ignis
1383 798 1478 868 ipsa
1493 814 1607 850 terra
1624 798 1716 850 sese
1731 798 1890 869 oppos
1887 796 2099 867 uit(ade.o
2116 815 2166 850 ut
2177 800 2275 867 jam

754 881 926 934 omnia
941 877 1177 931 elementa
1204 892 1409 948 quatuor
1427 876 1477 927 in
1508 874 1721 928 hominis
1752 874 2025 946 conspirent
2049 878 2272 947 ruinam)

756 962 803 1012 δέ
825 955 1046 1013 adhibitis
1072 973 1208 1006 nunc
1221 952 1337 1022 palis
1351 969 1492 1026 atque
1508 952 1750 1026 ligonibus
1766 953 1961 1023 profecit
1981 970 2171 1005 tantum
2190 957 2277 1006 Ba-

752 1053 974 1091 tavorum
992 1031 1217 1085 industria
1233 1074 1246 1096 ‚
1274 1049 1327 1083 ut
1342 1033 1668 1102 Hispanorum
1683 1030 1952 1083 fortitudini
1970 1030 2155 1101 possent
2169 1031 2278 1084 resi-

754 1115 883 1166 stere.
1260 1110 1269 1115 ”

835 1193 893 1241 In
908 1189 1134 1260 potentiis
1151 1185 1376 1239 librandis
1395 1186 1548 1238 multa
1566 1186 1679 1257 saepe
1695 1185 1926 1238 falluntur
1941 1186 2134 1261 ingenia
2148 1227 2162 1250 ‚
2194 1187 2277 1241 ali-

752 1267 1092 1345 qualtalorum
1109 1266 1385 1337 praesertim,
1404 1266 1484 1337 qui
1501 1266 1662 1318 frustra
1681 1264 1901 1316 laborant
1915 1308 1927 1327 ,
1955 1281 2006 1316 ut
2020 1264 2210 1317 easdem
2226 1266 2278 1318 in

755 1347 852 1421 pari
876 1347 1058 1417 semper
1074 1342 1340 1416 aequilibrio
1358 1343 1643 1395 sustineant:
1678 1360 1836 1414 neque
1849 1343 1981 1393 enirn
1999 1342 2080 1395 illa
2096 1344 2281 1413 pericu-

752 1423 897 1481 lofior
912 1423 994 1479 est,
1008 1441 1086 1475 aut
1106 1420 1365 1492 potentior,
1382 1440 1486 1493 quae
1500 1422 1698 1489 majores
1714 1419 1856 1471 habet
1871 1419 2043 1475 status,
2074 1436 2155 1473 aut
2171 1420 2278 1492 plu·

758 1525 827 1559 res
843 1501 1059 1556 subditos
1074 1535 1090 1557 ‚
1112 1498 1189 1551 sed
1206 1517 1309 1571 quae
1324 1499 1498 1552 viribus
1517 1499 1608 1551 suis
1620 1495 1787 1549 melius
1802 1499 1870 1549 uti
1887 1495 2062 1550 didicit.
2090 1500 2278 1570 Expen-

756 1583 805 1635 sa
821 1581 878 1635 ad
893 1579 1137 1634 bilancem
1153 1576 1384 1648 potentia,
1403 1576 1481 1629 etfi
1497 1576 1606 1628 lanx
1624 1595 1721 1628 una
1737 1575 1962 1627 deorsum
1979 1593 2152 1649 vergat,
2167 1576 2281 1630 alte-

752 1680 800 1719 ra
812 1661 862 1713 in
877 1663 976 1712 ae're
990 1655 1210 1729 suspensa
1221 1652 1407 1720 haereat,
1423 1655 1549 1707 hanc
1564 1672 1728 1706 tamen
1747 1653 1826 1705 illa
1841 1653 2062 1724 aequabit‚
2079 1672 2158 1708 aut
2171 1656 2282 1708 vin-

754 1754 831 1792 cet
845 1738 1008 1800 etiam‚
1022 1736 1053 1787 si
1068 1733 1140 1789 vel
1159 1733 1300 1785 unica
1314 1733 1572 1803 prudentiae
1585 1735 1633 1781 &
1653 1731 1945 1783 fortitudinis
1961 1731 2188 1784 drachma
2202 1750 2279 1784 ac-

754 1814 928 1868 cesserit
945 1856 958 1878 ,
987 1830 1066 1864 aut
1085 1811 1117 1863 fi
1133 1810 1186 1860 in
1201 1808 1278 1860 illa
1294 1813 1446 1877 major
1462 1809 1666 1860 ambitio
1690 1808 1892 1858 fuerit&
1911 1809 2137 1876 tyrannis.
2173 1809 2279 1875 Qi

756 1909 871 1944 cum
891 1889 987 1941 hoc
1001 1887 1118 1940 orbe
1141 1882 1276 1935 altius
1301 1885 1548 1936 fortunam
1565 1884 1698 1936 suam
1715 1883 2010 1940 extulerunt,
2035 1884 2175 1957 eique
2187 1887 2282 1938 do·-

754 1968 926 2022 minati
946 1965 1084 2020 sunt,
1103 1962 1268 2034 exigua
1285 1960 1488 2014 habuere
1502 1963 1743 2031 principia.
1771 1960 2054 2030 Amplitudo
2073 1964 2284 2016 Austria·

754 2065 818 2097 cae
832 2042 1010 2095 domus
1030 2041 1301 2091 multorum
1321 2039 1596 2089 concitabat
1613 2038 1975 2088 aemulationem
1990 2070 2005 2092 2
2020 2040 2069 2088 δε
2089 2042 2282 2112 conspi-

752 2123 919 2175 rabant
942 2135 1117 2169 omnes
1137 2158 1150 2179 ,
1176 2130 1228 2164 ut
1246 2114 1450 2165 eandem
1481 2114 1799 2185 deprimerent
1813 2149 1828 2169 ,
1857 2131 1947 2166 nec
1977 2119 2203 2189 cuiquam
2229 2121 2283 2171 jn

752 2212 973 2253 mentem
993 2212 1110 2246 tunc
1126 2190 1346 2245 veniebat
1361 2191 1533 2243 Sueciae
1551 2235 1563 2255 ,
1595 2210 1700 2263 quae
1728 2192 2036 2245 Germaniam
2064 2195 2283 2248 servitute

751 2272 1016 2347 oppressura
1034 2269 1157 2334 esset,
1170 2270 1218 2319 ὅ(
1235 2267 1357 2321 forte
1375 2270 1518 2321 etiam
1535 2268 1814 2340 oppressislet
1830 2269 2028 2327 ltaliam,
2045 2271 2127 2324 nifi
2147 2292 2278 2326 mors

751 2354 890 2425 ipsius
905 2352 1048 2425 Regis
1070 2344 1395 2401 intercessisset.
1427 2346 1704 2398 Metuendae
1718 2346 1869 2421 magis
1897 2348 2007 2399 sunt
2023 2352 2249 2420 potentiae
2266 2396 2281 2417 ,

749 2451 855 2505 quae
872 2430 1071 2484 crescere
1086 2424 1325 2495 incipiunt
1345 2469 1356 2489 ,
1385 2424 1533 2496 quam
1561 2444 1664 2496 qua:
1688 2428 1834 2476 auehe
1854 2426 1949 2493 jam
1970 2426 2105 2490 sunt3
2129 2430 2178 2480 in
2207 2428 2280 2482 his

750 2525 968 2581 namque
983 2507 1250 2559 earundem
1264 2502 1518 2554 inclinatio
1534 2502 1755 2554 naturalis
1770 2502 1834 2554 est
1851 2545 1863 2565 ,
1893 2501 2006 2555 sicut
2022 2506 2072 2556 in
2091 2505 2183 2558 illis
2200 2525 2279 2559 ea-

749 2587 957 2640 rundem
972 2585 1331 2636 incrementum
1352 2580 1444 2632 :hae
1457 2599 1571 2632 cum
1587 2581 1925 2653 tranquillitate
1952 2581 2141 2652 publica
2159 2603 2282 2637 con-

751 2667 924 2720 servare
942 2662 987 2715 se
1003 2660 1223 2722 student3
1251 2658 1341 2710 illae
1358 2658 1468 2710 vero
1496 2678 1610 2710 cum
1645 2659 1912 2710 alienorum
1930 2660 2280 2715 dominatuum

753 2741 1107 2815 perturbatione
1125 2737 1263 2790 altius
1280 2736 1374 2788 sese
1388 2736 1556 2808 erigere
1574 2738 1897 2788 contendunt.
1927 2737 2036 2788 Esto
2055 2773 2068 2793 ‚
2082 2758 2179 2791 una
2191 2739 2279 2792 ali-

756 2840 850 2893 qua
865 2818 1080 2891 potentia
1096 2818 1148 2868 in
1164 2818 1209 2868 se
1226 2814 1426 2868 validior
1437 2813 1508 2876 lit,
1523 2812 1671 2884 quam
1688 2814 1800 2870 alia,
1830 2833 1935 2865 non
1952 2814 2061 2867 ideo
2078 2816 2175 2870 haec
2190 2821 2281 2870 mi·

760 2899 851 2950 nus
865 2897 996 2951 fortis
1012 2895 1074 2946 est
1088 2930 1103 2949 ,
1135 2895 1284 2965 quam
1303 2890 1379 2943 illa
1395 2890 1453 2942 ad
1482 2890 1723 2943 tuendum
1741 2892 1785 2943 se
1798 2893 1847 2942 ὃς
1874 2892 2280 2947 conservandum'

759 2976 952 3027 Planeta
965 2973 1134 3042 aliquis
1149 2974 1202 3023 in
1219 2969 1375 3021 domo
1390 2967 1469 3020 sua
1489 2968 1594 3037 plus
1620 2966 1907 3021 efficacitatis
1933 2969 2075 3023 habet
2090 3015 2102 3035 ,
2126 2971 2278 3042 quam

761 3053 876 3105 alius
890 3053 938 3103 in
954 3049 1033 3102 sua
1048 3049 1346 3100 exaltatione.
1362 3048 1469 3098 Nec
1481 3050 1678 3098 timores
1688 3046 1758 3098 isti
1772 3049 1996 3118 potentiae
2010 3049 2173 3101 vicinae
2186 3050 2278 3100 veri

764 3128 876 3182 sunt
894 3130 1075 3199 semper
1093 3145 1147 3179 ac
1162 3125 1301 3180 certi,
1330 3119 1622 3196 quinimmo
1639 3143 1745 3178 non
1769 3122 1871 3177 raro
1882 3125 1934 3176 in
1951 3124 2197 3179 utilitatem
2211 3143 2283 3177 re·

2149 3200 2281 3254 dun-
