2394 3768
275 378 277 380 ,
449 338 1343 381 εγΜΒοιΑῬοιιΤΙςΑ.
1581 344 1657 395 -507v

149 405 409 466 navalibus,
451 409 494 460 Si
509 410 557 460 in
573 428 683 462 eum
700 410 851 461 finem
869 408 917 460 id
931 409 1011 461 fiat
1025 455 1035 471 ‚
1069 428 1174 462 non
1191 410 1254 461 est
1272 410 1454 465 avaritia
1473 410 1658 465 thesau-

146 504 223 539 ros
236 502 401 558 cogere
413 529 435 553 ,h
458 503 536 536 aut
556 488 772 556 sumptus
788 488 835 537 &
859 486 1148 538 donationes
1166 487 1398 541 moderati
1415 534 1427 553 ,
1456 490 1532 541 sed
1548 511 1657 561 pru-

148 563 308 613 dentia
335 561 554 631 quaedam
572 563 784 632 politica3
817 563 968 634 qualis
989 563 1070 615 illa
1098 565 1188 616 fuit
1204 566 1346 638 Regis
1374 567 1660 619 ferdinandi

148 637 405 692 Catholici,
424 641 554 706 cujus
568 640 711 695 fama,
728 639 817 711 qua
834 640 971 691 miser
985 640 1210 692 &infelix
1226 642 1388 711 paflim
1408 645 1657 708 audiebat,

148 717 266 766 dum
279 715 466 771 viveret,
485 717 534 767 in
554 733 706 768 morte
724 719 819 786 ejus
833 718 1075 769 confutata
1091 718 1180 770 fuit
1195 762 1208 782 ,
1225 717 1355 770 nulla
1372 721 1569 772 notabili
1586 741 1665 792 pe·

148 794 396 844 cuniarum
411 792 599 844 summa
616 796 739 864 apud
760 813 871 846 eun]
886 793 1068 864 reperta.
1103 795 1354 866 Quicquid
1368 797 1631 866 reponebat
1648 843 1660 862 ,

148 872 199 924 in
232 870 523 921 Monarchiae
549 870 777 924 fabricam
809 871 991 924 solebat
1016 871 1292 942 impendere
1321 917 1334 937 ‚
1373 875 1424 924 &
1456 873 1659 947 gloriam

149 948 282 1000 suam
301 944 603 1002 collocabat,
637 966 741 999 non
772 949 822 999 in
842 967 929 1011 eo,
955 946 1088 1021 quod
1116 950 1332 1020 sumptus
1359 950 1662 1020 profudiffet„

149 1023 228 1077 sed
247 1020 378 1094 quod
395 1023 581 1074 haberet
599 1067 610 1087 ‚
643 1025 694 1075 in
713 1044 814 1097 quo
845 1025 1137 1097 expenderet.
1170 1027 1292 1080 Illud
1309 1044 1473 1080 tamen
1501 1028 1665 1079 obser-

148 1102 361 1155 vandum
374 1134 389 1155 ‚
405 1098 643 1152 thesauros
662 1103 823 1175 colligi
841 1103 1083 1156 interdum
1103 1122 1155 1156 ex
1170 1105 1270 1159 vera
1288 1107 1338 1155 ὅτ
1356 1103 1542 1158 heroica
1559 1107 1661 1157 ani-

146 1181 216 1232 mi
238 1177 589 1251 magnitudine,
604 1178 662 1230 ad
680 1180 978 1252 exequendas
995 1180 1224 1235 sublimes
1240 1181 1474 1254 quasdam
1492 1185 1541 1233 &
1555 1182 1664 1257 glo-

147 1258 289 1310 riosas
322 1256 664 1328 cogitationes3
695 1258 772 1307 sed
793 1257 953 1328 postea
979 1258 1226 1328 paullatim
1249 1263 1299 1311 in
1318 1261 1557 1312 avaritiam
1586 1260 1665 1313 illa

146 1336 341 1397 abeunt,
358 1334 406 1381 ὅ(
427 1332 561 1385 citius
577 1335 711 1385 ruina
727 1337 945 1387 Statuum
960 1354 1050 1405 prae
1072 1337 1223 1389 oculis
1237 1337 1298 1388 est
1312 1373 1328 1393 ,
1342 1337 1491 1408 quarn
1511 1356 1596 1408 pro
1610 1336 1642 1389 il
1655 1365 1668 1376 -

146 1413 236 1465 lius
247 1409 460 1463 remedio
472 1410 620 1462 aeraria
638 1411 956 1467 recludantur.
985 1413 1225 1466 Facillime
1239 1413 1510 1468 divitiarum
1528 1434 1667 1467 amo·

144 1509 190 1543 re
208 1489 309 1558 capi
335 1489 380 1539 se
406 1486 512 1539 sinit
528 1486 770 1541 humanus
798 1492 987 1543 animus
1013 1530 1027 1556 ‚
1062 1491 1176 1542 &in
1194 1511 1268 1544 eas
1294 1508 1456 1545 totum
1474 1492 1518 1543 se
1544 1510 1668 1545 con·
1694 1518 1832 1555 dmm„
1859 1532 1915 1565 pu„

145 1570 292 1620 vertit.
1694 1571 1781 1604 micas
1795 1580 1858 1614 opes
1873 1568 1892 1602 a

1690 1621 1817 1663 privatis
1828 1619 1918 1651 habe-—

255 1649 308 1700 5.
339 1644 387 1693 N
393 1661 445 1693 ec
459 1638 659 1708 sufficit,
690 1642 927 1697 thesauros
942 1646 1065 1698 inter
1079 1662 1241 1698 totum
1257 1644 1547 1718 Reipublicae
1564 1665 1669 1698 coto
1694 1666 1823 1710 mnam
1838 1669 1918 1699 inm

145 1739 231 1793 pus
249 1719 511 1789 dispertitos
535 1718 647 1783 ess'e,
672 1737 724 1772 ut
737 1721 945 1774 Chlorus
962 1723 1087 1791 apud
1114 1724 1637 1793 Eutropiumdvolebat
1658 1743 1668 1772 :
1694 1713 1920 1807 Zfflvaacxustra

147 1797 318 1851 divitiae
333 1796 464 1847 enim
487 1797 684 1865 Principi
703 1797 999 1849 securitatem
1014 1814 1174 1849 creant
1189 1840 1201 1860 ,
1225 1799 1490 1867 periculum
1508 1799 1667 1851 subdi·
1698 1788 1842 1856 Eutropf

146 1892 218 1928 to,
246 1871 438 1924 Cerialis
452 1872 797 1926 Trevirensibus
812 1873 1023 1936 dicebat,
1043 1884 1182 1948 penes
1204 1893 1276 1926 eos
1289 1894 1455 1927 aurum
1474 1880 1542 1936 Εἴ
1573 1890 1671 1951 opes
1700 1889 1808 1944 Tacit.
1824 1888 1920 1932 iib.4;

140 1953 378 2031 praecipuas
406 1948 492 2001 effe
514 1945 725 2001 bellorum
756 1949 940 2021 cauſjas.
979 1952 1023 2004 Si
1050 1969 1199 2025 egena
1225 1950 1280 2003 fit
1310 1953 1672 2017 communitaS,
1704 1939 1790 1973 Hm·

149 2030 310 2102 privati
324 2026 432 2080 vero
447 2026 769 2097 locupletes&
789 2029 955 2080 divites
970 2056 987 2084 ‚-
1018 2029 1140 2098 prius
1158 2028 1367 2099 pericula
1382 2031 1476 2082 nas
1471 2046 1671 2087 cuntur,

149 2105 299 2177 quarn
318 2105 369 2156 iis
380 2106 561 2156 occurri
576 2104 722 2174 poffit.
741 2104 954 2157 Consilia
969 2103 1284 2157 redteinstitui
1299 2122 1549 2177 nequeunt
1564 2128 1574 2156 :
1590 2105 1671 2157 de-

149 2184 344 2256 fugiunt
361 2182 493 2232 enim
511 2200 562 2233 ea
580 2183 764 2245 omnia,
778 2201 882 2255 quae
901 2181 959 2233 ad
974 2200 1304 2234 communem
1315 2183 1533 2253 spectant
1549 2201 1674 2235 con-

150 2260 466 2314 servationem
484 2301 497 2322 ‚
515 2261 627 2310 cum
642 2259 832 2311 videant
850 2278 955 2310 non
973 2258 1059 2310 nisi
1076 2258 1100 2310 ἐ
1119 2260 1408 2330 privatorum
1425 2260 1567 2312 bonis
1578 2260 1675 2311 for-

151 2335 377 2407 tunisque
394 2336 594 2387 subsidia
613 2337 703 2406 peti
721 2336 847 2406 poffe
860 2371 876 2391 ‚
906 2334 1122 2408 adeoque
1138 2337 1255 2410 aegre
1271 2338 1321 2388 in
1350 2336 1538 2389 bellum
1554 2354 1675 2389 con*

153 2416 381 2468 sentiunt.
414 2414 544 2464 Hinc
563 2413 791 2465 Aristoteli
810 2413 1084 2475 videbatur,
1110 2410 1232 2465 male
1244 2416 1357 2467 circa
1363 2416 1579 2490 pecunias
1585 2429 1674 2488 pue
1702 2429 1869 2485 Ariani).
1890 2444 1922 2465 2.

151 2485 290 2546 blicas
308 2490 597 2563 constitutum
611 2486 820 2565 effi’apud
834 2493 1084 2561 Spartanos
1099 2526 1115 2547 ,
1144 2493 1256 2565 quia
1266 2509 1413 2566 neque
1428 2492 1478 2543 in
1496 2488 1671 2565 publico
1702 2480 1796 2526 P⁰¹¹‘·
1809 2489 1837 2512 ⁰·
1852 2489 1884 2514 ⁶·

150 2566 375 2622 habehant
399 2569 652 2642 quicquam
669 2612 680 2631 ‚
709 2571 776 2626 Εἴ
793 2586 963 2640 magna
976 2564 1087 2619 bella
1105 2586 1256 2640 gerere
1277 2571 1418 2622 meh·
1431 2613 1443 2632 ,
1459 2569 1678 2641 pecunias

153 2643 255 2720 agre
269 2641 596 2717 confierebamt).
629 2647 683 2696 Et
696 2644 741 2716 st
755 2647 952 2720 privato
964 2644 1061 2717 uslei
1084 2641 1252 2697 bonum
1261 2643 1493 2720 publicum
1503 2647 1678 2721 polipo·
1706 2672 1814 2708 Tacst,
1831 2672 1924 2707 libe„

153 2727 278 2778 nitur
304 2768 317 2785 ,
346 2721 532 2794 quanto
561 2721 720 2774 minus
752 2722 940 2774 dabitur
967 2739 1132 2792 opera,
1156 2738 1209 2774 ut
1236 2741 1352 2774 cum
1382 2721 1678 2774 detrimento
1708 2723 1824 2758 Annal-

153 2802 345 2874 proprio
374 2798 511 2852 malis
541 2799 892 2853 communibus
923 2805 1224 2851 occurratur?
1257 2801 1451 2870 Experta
1469 2799 1532 2851 est
1554 2798 1678 2851 illud

154 2878 540 2933 incommodum
567 2875 852 2948 Respublica
866 2875 1129 2928 Genuenfis
1143 2911 1158 2933 ‚
1190 2895 1284 2929 nec
1299 2877 1375 2930 alii
1402 2874 1565 2930 cauffae
1580 2879 1681 2930 rui-

157 2974 274 3010 nam
304 2958 539 3006 Romanae
568 2953 766 3007 asscribit
789 2957 916 3007 Cato
942 2955 992 3005 in
1024 2954 1266 3019 oratione,
1291 2973 1440 3027 quam
1471 2952 1680 3006 habuisse
1773 3000 1777 3005 .
1885 3010 1892 3018 ⁸

158 3052 272 3087 eum
289 3032 347 3084 ad
361 3034 590 3084 Senatum
610 3049 778 3085 contra
790 3031 1070 3103 Catilinatiae
1084 3033 1431 3102 conjurationis
1453 3031 1677 3085 conscios
1707 3012 1850 3101 {2²23
1867 3010 1932 3094 ἓξὲξ

157 3111 291 3166 refert
306 3109 546 3163 Sallustius
559 3149 573 3173 ,
596 3111 744 3183 quam
758 3108 892 3182 quod
923 3114 941 3180 (
959 3124 1010 3161 ut
1028 3108 1227 3178 explicat
1246 3111 1291 3163 S.
1312 3110 1633 3184 Augustinus)
1652 3107 1679 3161 a
1706 3122 1733 3143 ⁶·
1755 3121 1804 3143 ¹20

1005 3187 1051 3238 V
1077 3204 1107 3237 u
1150 3205 1173 3236 2
1372 3212 1375 3215 1
1520 3188 1679 3258 ptimo
