2394 3768
425 308 830 349 SYMBOLA
914 300 1376 351 POLITICA‚
1613 318 1685 356 199

131 380 234 433 mul
252 394 392 450 atque
409 378 713 431 secundiores
731 380 859 432 venti
876 378 985 431 flare
1005 379 1232 450 coeperint
1245 417 1261 437 ‚
1278 397 1396 432 mox
1411 376 1683 450 pandantur

130 458 246 512 vela.
283 456 545 509 Nonnulla
561 455 734 508 senfim
750 456 927 510 radices
942 474 1092 531 agunt
1113 504 1125 521 ,
1142 459 1192 508 ὃς
1226 477 1340 509 cum
1371 476 1587 528 tempore
1611 457 1670 511 ad

127 535 448 588 maturitatem
464 536 774 605 perveniunt:
793 535 844 586 in
863 536 916 586 iis
931 535 1188 610 diligentiae
1203 535 1462 608 spargenda
1479 538 1591 587 sunt
1610 537 1678 589 se-

127 615 260 665 mina
279 657 290 677 ‚
318 612 611 683 expectanda
639 611 800 664 donec
830 613 1106 686 germinent
1123 657 1136 677 ,
1166 614 1216 663 δε
1242 614 1454 665 ῐῐυέὶιπη
1483 614 1676 667 faciant.

130 692 232 744 Alia
266 689 351 741 nisi
385 690 645 743 confestim
680 689 875 742 bonum
903 690 1155 743 sortiantur
1188 690 1367 743 exitum
1387 734 1400 753 ‚
1418 708 1678 763 nunquam

125 770 386 821 sortiuntur
402 768 561 838 postea
582 790 593 817 e
608 784 748 839 atque
763 767 861 820 haec
877 769 1008 820 fatsto
1022 769 1206 839 impetu
1224 767 1554 839 pertentanda,
1572 787 1678 821 uno

126 864 339 918 tempore
356 846 525 897 omnia
540 844 679 897 simul
694 845 984 917 applicando
1001 846 1175 899 media.
1204 844 1448 912 Qaedam
1465 859 1566 898 tarn
1584 846 1671 898 de-

124 925 261 978 licata
276 924 386 976 sunt
400 925 449 974 δε
465 923 643 998 fragilia
658 967 669 986 ‚
686 939 739 975 ut
753 923 916 994 phialae
930 925 1081 977 vitreae
1096 924 1154 976 ad
1169 925 1309 976 instar
1324 923 1438 977 flatu
1451 924 1601 976 unico
1619 924 1672 975 δε

124 1001 441 1056 efformentur
459 1046 469 1064 ,
484 1002 534 1052 &
548 1002 732 1054 rursum
750 1000 1099 1076 diffringantur:
1117 1021 1203 1072 pro
1219 1003 1273 1054 iis
1288 1000 1384 1055 leni
1401 998 1678 1054 admodum

126 1100 277 1133 manu
293 1099 415 1150 opus
434 1078 516 1132 est.
555 1079 654 1132 Alia
672 1080 782 1131 sunt
801 1125 812 1142 ,
825 1098 929 1152 quae
946 1078 976 1130 fi
993 1080 1203 1132 nimium
1220 1082 1470 1151 cupiantur
1484 1082 1535 1130 &
1555 1078 1673 1131 defi-

128 1159 352 1211 derentur
367 1156 658 1223 ,redduntur
675 1154 942 1210 difficiliora
964 1158 1038 1209 :in
1055 1158 1108 1209 iis
1125 1174 1241 1210 artes
1270 1158 1541 1210 amantium
1573 1157 1678 1209 usui

125 1252 266 1289 erunt
284 1282 296 1301 ‚
310 1237 393 1307 qui
409 1235 680 1306 spernendo
695 1236 746 1286 &
769 1234 1005 1309 fugiendo
1023 1238 1197 1288 amoris
1211 1238 1335 1288 faces
1364 1236 1516 1309 magis
1532 1237 1678 1290 etiarn

126 1313 443 1366 succendunt.
491 1313 702 1387 Negotia
718 1331 867 1383 pauca
880 1310 1006 1364 recle
1032 1330 1254 1365 curantur
1272 1332 1386 1366 curn
1402 1316 1586 1384 impetu
1602 1314 1679 1364 :in

128 1390 365 1464 aliquibus
379 1391 445 1442 vis
458 1390 578 1443 valet
591 1412 604 1437 .·
623 1392 674 1442 in
691 1390 854 1442 multis
872 1389 1120 1442 tolerantia
1142 1411 1151 1439 :
1177 1392 1226 1441 &
1255 1392 1307 1441 in
1336 1391 1572 1443 omnibus
1587 1389 1680 1442 fere

127 1471 247 1522 ratio
263 1470 312 1520 &
329 1467 520 1520 utilitas.
554 1468 898 1538 Importunitas
915 1468 1108 1541 negotia
1135 1467 1286 1520 multa
1304 1468 1465 1520 evertit
1483 1512 1496 1533 ,
1523 1466 1681 1518 multa

129 1549 279 1599 etiam
302 1545 963 1617 obtinuit5quemadrnodum
983 1544 1041 1596 de
1058 1545 1256 1597 muliere
1272 1546 1547 1598 Chananaea
1560 1543 1677 1596 dixit

129 1629 178 1678 S.
193 1625 519 1695 Hieronymus
538 1645 547 1672 ε
561 1618 924 1696 QOdprecibus
940 1641 1030 1673 non
1050 1626 1202 1696 potuit
1221 1667 1233 1688 ,
1245 1622 1370 1679 taedio
1393 1623 1681 1699 impetravit.
1713 1624 1892 1661 &Hiem-

128 1705 254 1755 Tam
271 1701 496 1754 homines
510 1701 664 1769 petitis
678 1697 944 1750 abnuendo
955 1698 1051 1749 feffi
1070 1697 1210 1761 fiunt,
1226 1698 1377 1770 quam
1391 1699 1680 1752 annuendo,

128 1776 415 1832 Commoda
431 1779 658 1844 temporis
672 1776 1007 1847 opportunitas
1025 1817 1037 1837 ‚
1051 1774 1132 1828 illa
1149 1776 1212 1826 est
1229 1811 1246 1832 ,
1273 1794 1379 1845 quae
1392 1776 1454 1828 ad
1483 1777 1680 1850 negotia

127 1856 253 1909 redte
272 1854 476 1930 gerenda
491 1855 757 1926 plurimum
775 1852 1021 1905 momenti
1037 1851 1212 1917 adfert5
1227 1854 1301 1906 vix
1316 1872 1539 1927 unquam
1569 1872 1679 1906 non

125 1933 211 1987 rite
225 1935 276 1984 ὃς
289 1953 342 1985 ex
359 1934 510 1986 animi
526 1930 757 1984 sententia
775 1950 826 1984 ea
842 1929 1045 1984 conficit
1072 1976 1085 1995 ,
1110 1933 1194 2004 qui
1209 1933 1278 1983 uti
1291 1930 1369 1986 illa
1402 1930 1681 2004 tempestive

128 2010 537 2085 noveritragricola
554 2012 639 2083 qui
657 2026 875 2062 naturam
892 2008 1053 2066 soli,&
1068 2009 1339 2061 seminandi
1356 2027 1546 2082 ternpus
1563 2028 1682 2082 pro-

129 2089 191 2143 be
207 2092 406 2163 cognita,
419 2088 560 2141 habet
574 2128 587 2151 ,
605 2088 793 2140 bonam
810 2086 1073 2159 aliquando
1088 2085 1285 2139 meffem
1304 2087 1478 2158 sperare
1504 2086 1676 2158 potest.

125 2171 337 2237 Tempus
362 2167 427 2219 est
459 2211 471 2230 ,
498 2165 702 2238 quando
726 2166 895 2220 omnia
919 2164 1256 2218 conceduntur
1280 2192 1293 2228 5
1319 2180 1510 2235 ternpus
1534 2165 1671 2219 items

128 2243 330 2318 quando
343 2244 640 2317 denegantur
656 2244 827 2295 omnia
843 2287 856 2305 ,
872 2259 1013 2313 prout
1029 2240 1278 2313 dispositus
1296 2243 1435 2294 fuerit
1467 2243 1675 2305 animus,

128 2325 180 2377 in
196 2341 298 2395 quo
324 2329 632 2395 negotiorum
659 2322 954 2373 incrementa
978 2322 1026 2371 ὃ(
1057 2319 1368 2372 decrementa
1396 2319 1537 2374 facile
1565 2319 1676 2373 licet

129 2399 409 2475 dignoscere
424 2425 437 2462 5
456 2398 575 2469 quin
593 2414 837 2468 amputata
851 2416 957 2449 non
973 2399 1101 2450 secus
1118 2417 1174 2450 ac
1188 2398 1374 2451 arbores
1390 2443 1402 2462 ‚
1421 2397 1536 2451 luna
1565 2416 1673 2468 pro-

128 2477 241 2550 pitia
260 2521 272 2541 ,
302 2476 606 2529 succrescunt
623 2478 645 2524 f
678 2472 877 2527 felicius.
914 2475 1146 2526 Industria
1170 2473 1392 2547 quaedam
1422 2481 1474 2527 in
1517 2473 1675 2525 modo
1706 2495 1718 2519 f
1735 2498 1921 2540 ommego-

128 2553 435 2627 proponendi
453 2554 524 2617 ,ὃς
545 2551 855 2624 persuadendi
871 2550 931 2604 ab
950 2551 1155 2604 honesto
1177 2552 1452 2615 utili,facili:
1469 2551 1674 2621 pruden-
1703 2554 1743 2640 ἓξ
1762 2557 1928 2633 affima-

129 2634 193 2685 tia
206 2635 256 2685 in
274 2625 524 2706 seligendis
540 2631 706 2683 mediis
725 2675 736 2694 ‚
754 2631 803 2680 δὲ
822 2630 919 2681 aliae
933 2629 1086 2700 plures
1100 2628 1237 2680 dotes
1254 2627 1491 2680 naturales
1505 2627 1565 2679 ad
1583 2646 1674 2679 ne·
1705 2626 1829 2679 tun’nas.
1842 2605 1880 2641 pp

130 2711 262 2785 gotia
278 2709 361 2762 rite
387 2708 677 2779 expedienda
700 2707 969 2780 plurimum
993 2708 1209 2769 faciunt3
1237 2706 1513 2777 praesertim,
1543 2703 1574 2757 fi
1590 2705 1674 2757 ista
1710 2694 1925 2730 Ecdefiss'6'

130 2805 308 2842 naturae
332 2806 530 2840 munera
551 2786 757 2858 prudens
781 2785 1002 2859 quaedam
1036 2786 1294 2837 comitetur
1327 2783 1594 2848 urbanitaS,
1621 2784 1674 2834 &

127 2873 272 2940 gratia
287 2864 510 2917 naturalis
528 2910 541 2929 ,
553 2866 744 2917 animos
759 2864 840 2916 sibi
857 2863 1033 2916 blande
1049 2863 1326 2915 devinciens
1346 2862 1528 2915 :vultus
1540 2863 1676 2914 enim

131 2943 330 3016 quidam
348 2943 459 2994 sunt
475 2982 488 3006 ,
503 2944 552 2993 ὃς
569 2941 707 2994 modi
724 2941 896 3017 agendi
915 2958 1015 2993 tam
1031 2941 1309 2994 insuaves&
1326 2940 1496 3011 asperi,
1521 2955 1572 2992 ut
1589 2957 1673 3010 pe-

134 3023 215 3073 tita
227 3023 369 3073 etiarn
385 3039 556 3094 negare
570 3020 797 3073 doceant.
821 3018 1027 3071 Tametsi
1045 3018 1156 3071 vero
1173 3019 1255 3071 ista
1272 3019 1430 3070 media
1449 3037 1564 3071 cum
1579 3017 1674 3069 bo-2‘

136 3118 205 3150 no
217 3099 394 3169 judicio
407 3101 457 3150 &
475 3097 702 3151 industria
729 3098 956 3170 perquam
984 3095 1191 3150 efficacia
1205 3095 1296 3150 fint
1313 3095 1372 3150 ad
1399 3097 1588 3171 negotia
1617 3112 1671 3146 ex

1034 3178 1072 3226 R
1093 3198 1123 3235 4
1547 3188 1676 3224 voto
