2394 3768
366 323 776 365 SYMBOLA
836 323 1271 366 POLITICA.
1527 338 1611 378 325

43 394 171 451 nitio
184 391 365 448 videtur
380 438 392 457 ‚
407 395 456 444 δε
474 394 537 445 est
552 395 844 448 obtreetatio
862 423 875 458 5
889 395 1027 448 zelus
1047 395 1230 452 videtur
1246 442 1257 460 ‚
1274 397 1324 446 &
1340 394 1516 450 malitia
1529 399 1608 451 est.

64 477 166 528 Nec
181 470 340 523 minus
366 472 670 542 pestilentem
695 476 823 525 hanc
842 473 1034 540 judico,
1077 474 1225 544 quam
1244 477 1392 545 ipsam
1409 473 1608 528 assenta-

66 554 246 604 tionem
264 572 273 597 :
311 569 427 600 narn
443 549 471 600 si
486 548 750 604 adulationi
756 549 937 621 foedum
948 555 1114 605 crimen
1125 552 1379 623 fhrvitutis,
1392 552 1609 628 malzgni-
1636 556 1804 642 {fgifflib-
1827 572 1854 593 ¹·

55 624 416 700 tatifhlsaspecies
431 626 652 681 libertatis
676 627 803 697 inest.
845 630 975 680 Hinc
1007 631 1333 700 prudentiores
1367 632 1605 701 Principes
1675 621 1684 642 ¹
1715 635 1722 642 ’

56 724 152 758 tarn
168 705 433 756 libertatern
452 751 463 769 ‚
483 708 631 777 quam
650 706 823 757 nimias
839 705 1094 759 blanditias
1111 725 1591 762 metuunt:neutrum

57 783 225 855 quippe
240 783 450 851 periculo
466 800 599 834 vacat
619 828 630 846 ‚
649 800 790 854 atque
808 782 929 835 adeo
946 803 1204 857 utrumque
1221 802 1490 836 extremum
1515 787 1594 838 fu·

55 858 283 934 giendum
301 903 313 921 ‚
331 861 398 911 uti
415 860 585 911 Tiberii
606 861 902 927 temporibus
921 862 1164 914 accidebat
1186 907 1196 926 ,
1209 861 1394 937 quando
1405 864 1595 936 angusta
1628 891 1734 924 Tacit,
1757 888 1847 923 ΗΜ,

60 941 124 996 &³
135 933 301 987 lubrica
312 941 445 990 oratio
448 936 531 1009 snb
544 939 763 1013 Principe
780 981 792 1000 ,
806 941 885 1012 qui
898 935 1149 992 libertatem
1163 937 1392 991 metuebat
1406 985 1417 1004 ‚
1429 939 1593 993 adala·
1630 941 1746 973 Amal·

59 1016 220 1067 tionem
234 1012 396 1067 oderat.
441 1015 563 1066 Illud
581 1032 743 1066 tamen
761 1034 943 1067 certum
961 1062 974 1081 ‚
993 1017 1172 1090 aliquid
1192 1016 1411 1069 dandum
1431 1018 1593 1070 adula-

60 1093 177 1143 tioni
195 1137 205 1153 ,
220 1110 272 1142 ut
290 1093 466 1144 veritati
486 1092 622 1145 locus
639 1092 703 1143 lit.
744 1096 797 1143 ln
817 1092 951 1145 nulla
969 1097 1185 1146 omnino
1213 1113 1258 1146 re
1277 1095 1482 1148 blandiri
1503 1095 1593 1159 ‚est

58 1168 267 1220 accusare
282 1171 449 1221 omnia
466 1215 477 1233 ‚
492 1173 603 1222 &in
621 1169 971 1242 gubernatione
982 1186 1191 1246 corrupta
1206 1169 1405 1225 moribus
1424 1176 1591 1249 ‚perin-
1622 1177 1790 1213 Tacit-lib·
1807 1193 1840 1223 4·

55 1245 109 1297 de
118 1261 274 1320 anceps
294 1245 352 1320 ‚fi
362 1245 501 1311 nulla,
514 1251 581 1307 ἐς*
595 1245 674 1300 ubi
685 1249 835 1300 nimia
849 1248 909 1322 est
925 1249 1165 1325 ostentatio.
1212 1251 1463 1319 Desperata
1476 1269 1590 1302 om·
1620 1229 1746 1314 ‘Aiiiilr'
1765 1279 1815 1311 illu

54 1325 176 1374 nino
191 1325 313 1375 soret
339 1325 626 1395 Respublica
639 1360 655 1380 2
670 1328 718 1376 ὅ(
735 1324 831 1376 fine
845 1329 984 1378 omni
998 1327 1213 1378 remedio
1230 1370 1242 1389 ,
1257 1331 1474 1399 Princeps
1490 1347 1590 1380 eru-
1615 1324 1820 1408 ζῑζῇξῖἑζζᾎζῆ

53 1400 168 1452 delis
183 1399 396 1454 evaderet
411 1447 422 1465 ,
437 1401 469 1453 st
486 1422 577 1455 nec
591 1403 775 1465 veritas,
804 1422 893 1456 nec
909 1404 1122 1456 adulatio
1135 1405 1397 1476 quicquam
1414 1409 1464 1457 in
1480 1425 1592 1457 eum
1616 1422 1842 1476 serpenmffimt

51 1478 292 1532 auderent.
336 1479 493 1551 Aspidi
525 1478 632 1531 esset
660 1479 822 1532 fimilis
851 1523 862 1543 ‚
904 1479 935 1530 fi
964 1500 1093 1533 aures
1120 1483 1355 1534 obturaret
1378 1482 1438 1534 ad
1466 1482 1593 1534 illius
1620 1471 1840 1556 ‘gfffg‘msjffjg

49 1553 332 1613 blanditias,
376 1559 458 1629 qui
473 1576 586 1609 eum
606 1576 719 1608 curn
740 1557 960 1628 prudenti
993 1558 1331 1611 moderatione
1361 1560 1421 1611 ad
1437 1560 1590 1612 hone·
1620 1567 1792 1614 auressuas·

46 1633 184 1684 stiora
202 1633 339 1685 vellet
368 1646 381 1668 t
404 1634 662 1705 impellere.
701 1637 834 1685 Cum
860 1637 930 1686 his
960 1636 1133 1687 talibus
1161 1638 1492 1690 comminatus
1525 1638 1590 1690 est
1617 1622 1839 1700 §350222'233‘

42 1714 180 1761 Deus
224 1729 301 1779 per
330 1713 577 1763 Ieremiam
605 1710 889 1780 Prophetarn
922 1712 1105 1782 Populo
1121 1713 1587 1767 Hierosolomitanot
1618 1713 1836 1754 mamaeam,

1634 1764 1638 1772 v

43 1789 140 1859 Ego
152 1789 337 1839 mittum
351 1785 484 1840 vohs
499 1788 720 1862 serpentes
744 1786 911 1861 regulos
926 1822 941 1843 2
953 1786 1120 1863 quibus
1135 1808 1225 1840 non
1239 1792 1305 1841 eff
1316 1794 1586 1845 incantatio:
1616 1762 1843 1857 almiflua-

45 1871 112 1924 &f
129 1862 394 1916 mordebunt
407 1884 508 1917 vos.
549 1868 691 1917 Ferox
704 1867 896 1917 animus
910 1866 975 1917 est
991 1883 1002 1929 ;
1021 1869 1104 1938 qui
1119 1865 1178 1917 ad
1193 1867 1385 1918 suavem
1413 1870 1462 1918 ὃ(
1480 1888 1588 1920 mo·
1613 1862 1768 1951 {²¹5¹}ng
1772 1860 1806 1943 ’6

0 1983 1 1986 ,
45 1941 225 1992 destam
243 1942 450 2014 aliquam
467 1941 794 1995 adulationem
814 1942 1042 2013 passiones
1060 1944 1162 1995 suas
1182 1963 1285 1995 non
1302 1945 1519 2015 deponit,
1535 1948 1584 1997 ὃ(
1613 1958 1716 2002 jer-8·
1739 1971 1785 2002 .7.

0 2032 1 2035 ’
46 2020 240 2071 conlilia
257 2021 437 2072 saniora
452 2021 549 2072 una
563 2040 677 2073 cum
689 2020 766 2073 illa
783 2020 978 2073 suaviter
993 2020 1229 2092 proposita
1244 2023 1433 2092 respuit.
1454 2024 1586 2096 Qua

47 2101 177 2148 enim
195 2099 395 2149 amarior
411 2097 528 2149 solet
543 2096 630 2150 effe
643 2100 807 2151 veritas
824 2142 836 2161 ‚
852 2117 974 2167 opus
989 2098 1051 2149 est
1080 2098 1206 2150 labra
1243 2101 1398 2152 calicis
1417 2101 1588 2154 dulce-

47 2174 159 2226 dine
178 2174 333 2247 aliqua
346 2174 542 2239 illinere,
566 2192 619 2227 ut
650 2177 883 2245 Principes
902 2175 1080 2227 avidius
1098 2195 1203 2227 eam
1220 2175 1453 2230 hauriant.
1491 2183 1589 2230 Au-

2 2317 4 2319 v
45 2251 141 2303 dire
158 2270 232 2303 eas
247 2253 427 2304 nolunt
442 2297 453 2315 ,
481 2250 512 2303 fi
528 2251 758 2305 ficcaefint
774 2296 786 2315 ,
825 2255 946 2323 quin
973 2252 1133 2304 immo
1148 2254 1199 2305 iis
1212 2254 1382 2305 auditis
1410 2260 1588 2326 pejores

45 2327 186 2381 fiunt.
216 2328 426 2381 Tiberius
437 2327 574 2402 Caesstr
583 2327 890 2404 objec'hzmfibz'
903 2327 1130 2383 adversits
1146 2351 1237 2383 reos
1249 2330 1587 2386 inclementiam
1614 2331 1721 2416 {adtl-
1738 2331 1833 2378 ¹³¹³·4·

44 2405 94 2460 εὸ
105 2403 392 2482 pervicaciiaes
404 2404 762 2482 amplexusfuit.
792 2407 987 2477 Expedit
1001 2409 1243 2460 interdum
1261 2410 1585 2463 commenda·
1647 2394 1708 2416 ΠΜ
1725 2407 1733 2416 ’

4 2526 6 2531 ,
47 2503 93 2537 re
108 2486 157 2536 in
175 2487 228 2535 iis
244 2485 422 2558 egregia
440 2483 660 2555 quaedam
689 2485 903 2536 facinora
921 2529 932 2548 ‚
951 2502 1186 2556 tanquam
1201 2485 1232 2537 fi
1261 2506 1312 2539 ea
1325 2485 1585 2556 patrassent,

49 2579 102 2615 ut
121 2560 177 2613 ad
194 2580 245 2613 ea
260 2561 487 2632 patranda
505 2561 788 2626 incitentur3
805 2578 882 2613 aut
895 2561 944 2612 in
962 2561 1198 2616 laudanda
1223 2563 1505 2617 fortitudine
1532 2568 1582 2616 &

48 2640 216 2692 virtute
231 2637 438 2690 modum
454 2637 809 2710 aliquantulum
827 2638 1045 2691 excedere
1062 2675 1075 2697 ‚
1097 2658 1147 2692 ut
1161 2640 1299 2693 tanto
1316 2640 1519 2712 amplius
1531 2644 1583 2695 in

53 2717 105 2770 iis
119 2718 326 2769 crescant
343 2718 436 2768 :his
454 2718 584 2767 enim
602 2715 845 2768 blanditiis
858 2716 1010 2791 magis
1033 2718 1090 2768 ad
1105 2717 1376 2771 honestiora
1390 2720 1585 2772 inflam-

56 2811 209 2847 matur
222 2795 411 2846 animus
427 2834 439 2857 ,
466 2793 615 2865 quam
632 2792 955 2846 assentatione.
998 2797 1106 2847 Nec
1128 2796 1224 2847 alio
1239 2797 1425 2855 modo,
1468 2799 1583 2850 refe·

56 2889 184 2924 rente
196 2873 364 2924 Tacito
379 2917 391 2935 ,
409 2874 605 2923 Senatus
622 2873 875 2924 Romanus
889 2871 998 2923 usus
1013 2872 1076 2924 est
1101 2893 1213 2925 cum
1231 2876 1429 2927 Nerone
1457 2921 1470 2940 ,
1494 2874 1583 2928 sub

57 2949 245 3001 initium
267 2949 294 2999 s
289 2949 350 3000 us
345 2949 462 3018 cepti
480 2948 539 3000 ab
554 2969 612 3000 eo
623 2950 801 3019 imperii
819 2988 832 3012 ,
865 2947 1009 3024 qudm
1021 2954 1199 3023 magnis
1214 2953 1414 3005 Patrum
1428 2952 1584 3006 laudi·
1610 2959 1690 2992 Tac·
1703 2957 1759 2992 lib·
1776 2970 1827 3005 13·

58 3021 154 3088 bus,
164 3039 214 3078 ut
222 3024 448 3098 juvenilia
461 3027 647 3079 animus
661 3024 840 3080 levium
857 3046 1034 3102 quoque
1058 3045 1204 3081 rerum
1211 3027 1582 3103 gloridficblatus2
1610 3009 1725 3043 smmi

60 3103 244 3175 majores
253 3106 547 3158 continuaret.
586 3103 707 3156 Illud
724 3103 974 3175 peffimum
993 3148 1004 3168 ‚
1044 3103 1077 3156 s1
1094 3108 1202 3159 vitia
1215 3107 1467 3161 laudentur
1482 3152 1495 3172 ,
1536 3112 1582 3159 ἃ

928 3184 963 3232 E
991 3201 1016 3235 e
1395 3187 1592 3241 vestian-
