2394 3768
713 325 792 381 57⁶
1083 317 1389 362 DIDAcl
1453 316 1915 367 sAAvEDRAE

927 466 1587 530 SYMBOLVM
1695 466 1991 526 LXXX.

793 2359 824 2395 c
843 2361 874 2395 A
893 2359 925 2395 L
943 2361 972 2395 r»
989 2355 1026 2393 ’r
1044 2359 1079 2394 o
1094 2357 1126 2393 R
1142 2357 1172 2393 Ε
1195 2360 1215 2393 s
1253 2339 1465 2411 primum
1481 2339 1618 2394 dorni
1636 2339 1728 2392 suae
1741 2358 2039 2394 marmoreos
2055 2357 2221 2415 aptant

785 2420 1031 2494 lapides&
1051 2418 1304 2488 expoliunt
1320 2464 1331 2484 ,
1358 2419 1535 2493 quibus
1547 2417 1806 2471 aedificium
1834 2438 2059 2472 exornare
2086 2423 2226 2497 cogi-

689 2514 797 2553 tant
817 2522 828 2551 ι
861 2517 980 2553 nam
999 2496 1161 2572 postea
1186 2498 1378 2567 majoris
1402 2496 1451 2550 id
1467 2495 1577 2549 effet
1598 2495 1798 2553 laboris,
1826 2498 1876 2548 ὃς
1893 2516 2016 2568 opus
2044 2500 2223 2571 imper-

690 2578 876 2633 fectum
905 2576 1051 2632 fieret.
1080 2574 1182 2631 Hac
1199 2577 1413 2641 ratione,
1437 2575 1615 2647 opinor
1632 2619 1645 2640 ,
1671 2574 1865 2627 formati
1890 2574 2016 2628 fuere
2044 2575 2221 2649 lapides

687 2675 778 2729 pro
794 2655 960 2730 templi
977 2655 1280 2709 Salomonici
1296 2652 1484 2710 fabrica,
1499 2669 1553 2706 ut
1569 2652 1747 2726 absque
1764 2651 1968 2725 strepitu,
1984 2655 2032 2704 &
2050 2655 2222 2709 instru-

688 2752 974 2790 mentorum
989 2734 1153 2787 sonitu
1168 2732 1250 2786 illa
1266 2731 1611 2805 potueriterigi.
1629 2731 1706 2785 Sic
1719 2730 2023 2801 sapientiores
2042 2735 2219 2786 Princi-

689 2832 772 2884 pes
796 2812 991 2866 confilia
1010 2814 1089 2865 sua
1105 2812 1156 2863 δε
1174 2810 1360 2864 decreta
1379 2811 1650 2862 maturitate
1680 2807 1890 2881 quadam
1906 2809 2113 2881 expolire
2137 2810 2220 2862 de·

689 2890 827 2956 henr,
841 2892 892 2941 ὃ(
911 2889 970 2942 ad
986 2890 1332 2960 perfeetionem
1348 2885 1583 2939 adducere
1597 2905 1673 2939 :ea
1689 2887 1821 2939 enim
1835 2887 1886 2937 in
1902 2886 2038 2940 arena
2055 2887 2214 2941 solum

693 2987 869 3041 capere,
881 2966 1164 3021 Gladiatoris
1183 2966 1246 3018 est
1264 2963 1440 3037 potum,
1455 2964 1605 3038 quam
1620 2963 1857 3034 Principis.
1877 2967 2058 3018 Taurus
2074 2966 2216 3039 (figu-

691 3075 739 3108 ra
751 3048 984 3125 praesentis
997 3043 1333 3112 Emblematis)
1354 3059 1614 3114 antequam
1628 3059 1742 3095 cum
1757 3040 1892 3094 hoste
1903 3044 1954 3095 in
1973 3060 2212 3096 certamen

694 3125 952 3186 descendat
970 3168 982 3190 ‚
998 3124 1162 3178 secum
1177 3123 1275 3195 ipse
1287 3119 1545 3176 deliberat,
1562 3119 1689 3173 solus
1706 3118 1733 3170 s
1727 3136 1751 3173 e
1763 3136 1970 3178 exercet,
1989 3122 2037 3170 ὅ(
2051 3119 2210 3172 corni-

2120 3195 2210 3249 bus
