2394 3768
453 340 844 383 SYMBOLA
903 340 1327 382 PoL1T1cA.
1572 356 1648 397 555

137 407 381 463 subductis
393 412 537 464 undis
558 412 739 465 Vicino
756 411 1031 465 transcribit.
1073 413 1306 484 Principes
1321 432 1426 465 non
1444 415 1648 483 pauci&

135 487 431 557 Respublicae
460 489 873 542 conservationem
908 488 1041 541 suam
1065 489 1115 539 δε
1142 490 1507 561 amplitudinem
1535 491 1646 545 huic

133 562 312 616 debent
333 565 640 618 Monarchiae.
657 564 925 617 Periculosae
939 564 1140 635 plenum
1154 586 1272 636 opus
1286 567 1347 618 est
1363 567 1471 619 aleae
1488 611 1499 632 ‚
1518 567 1643 621 bella

133 640 314 711 semper
330 644 586 713 potentiori
604 642 859 694 machinari
876 643 948 703 ,δε
961 641 1055 694 hoc
1069 643 1227 694 solum
1244 663 1376 717 agere
1396 688 1407 708 ,
1436 661 1490 696 ut
1509 647 1642 697 Prin-

133 719 312 788 cipatus
340 721 547 771 minores
566 718 884 771 contraillum
910 737 1165 791 nunquam
1180 720 1352 771 nonin
1370 723 1508 773 armis
1521 723 1611 774 sint
1629 765 1644 784 ‚

136 812 189 847 ut
212 795 326 848 alibi
345 796 655 847 ostendimus.
698 795 865 868 Longe
879 798 1169 865 potentiores
1182 797 1291 847 sunt
1314 797 1645 867 Respublicaea

136 871 268 924 bona
282 892 394 925 curn
408 873 699 943 Principibus
718 871 922 924 amicitia
938 916 949 935 ‚
966 871 1115 944 quam
1132 873 1191 924 ab
1204 876 1341 924 armis
1356 875 1406 923 δε
1424 877 1639 928 exercitu.

136 951 363 1002 foemina:
378 951 486 1001 sunt
502 951 657 1001 astutae
672 985 686 1004 ,
701 969 803 1022 quae
817 950 942 1002 facili
959 950 1158 1022 negotio
1179 951 1367 1002 animos
1382 951 1575 1003 illorum
1592 954 1643 1002 δε

135 1027 407 1081 voluntates
419 1026 501 1079 fibi
519 1028 801 1090 conciliant,
818 1029 866 1076 δε
885 1027 985 1079 suas
1003 1027 1308 1078 moderantur
1326 1029 1537 1080 actiones
1551 1064 1565 1084 ‚
1584 1028 1642 1079 ad

134 1103 256 1157 fines
285 1103 394 1155 suos
411 1104 701 1174 particulares
722 1122 795 1156 eas
821 1103 1087 1177 dirigendo,
1121 1104 1225 1155 Plus
1255 1104 1513 1175 plerunque
1528 1125 1641 1158 curn

132 1183 185 1234 iis
202 1179 330 1235 velut
356 1200 471 1233 cum
501 1185 608 1234 sexu
635 1180 879 1245 muliebri,
906 1182 1053 1252 quam
1082 1200 1195 1233 cum
1223 1182 1512 1252 Principibus
1544 1184 1642 1234 aliis

135 1259 419 1311 connivetur
448 1292 465 1313 ‚
498 1258 613 1310 nota
649 1258 893 1327 praesertim
920 1257 1217 1331 Magistratus
1247 1258 1407 1311 natura
1420 1294 1435 1314 2
1465 1261 1515 1311 in
1542 1279 1644 1332 quo

132 1335 270 1407 probi
284 1335 459 1408 absque
477 1334 615 1406 culpa
630 1335 755 1388 sunt.
791 1337 867 1387 Ne
884 1336 1022 1409 igitur
1038 1335 1207 1387 turbari
1224 1335 1267 1385 se
1281 1334 1449 1398 sinant,
1465 1336 1496 1385 si
1514 1340 1643 1389 Prin-

94 1448 98 1450 >
135 1415 259 1484 cipes
274 1413 732 1465 interdumiratiores
745 1411 960 1467 videant:
978 1432 1093 1464 nam
1106 1414 1367 1466 amantium
1381 1416 1464 1477 irae,
1479 1418 1645 1466 amoris
1675 1429 1807 1459 'sesenna

132 1489 443 1565 redintegratio
457 1492 538 1543 eff.
572 1489 785 1542 Suasmet
801 1488 957 1560 potius
972 1490 1163 1543 umbras
1180 1493 1225 1540 δε
1243 1490 1529 1559 suspiciones
1552 1493 1649 1543 im-

132 1568 368 1639 probent,
392 1567 566 1640 quibus
589 1568 858 1621 amicorum
887 1566 1033 1621 fidem
1061 1568 1356 1639 quandoque
1373 1569 1423 1618 in
1443 1566 1647 1620 dubium

131 1661 335 1702 vocant,
362 1645 496 1716 quod
513 1646 681 1698 vitium
699 1643 1023 1698 multitudinis
1038 1647 1101 1696 est
1122 1689 1132 1707 ,
1161 1664 1230 1696 res
1248 1643 1361 1714 ipsas
1380 1663 1484 1696 non
1501 1647 1651 1698 ratio-

135 1740 215 1786 ne,
227 1721 307 1772 sed
321 1723 584 1792 suspicione
599 1723 862 1793 plerunque
878 1721 1010 1774 inani
1027 1723 1276 1772 metientis

241 1803 294 1855 5.
313 1802 468 1871 Atque
484 1815 599 1850 artes
613 1799 704 1849 istae
716 1797 986 1848 seminandi
1000 1796 1079 1847 dis
1074 1796 1324 1857 cordias,&
1341 1815 1500 1848 unum
1514 1801 1563 1850 in
1583 1798 1652 1849 al·

133 1874 273 1928 terius
287 1875 481 1928 exitium
497 1873 802 1936 concitandi,
826 1872 1095 1945 frequentes
1111 1874 1162 1923 in
1190 1871 1306 1924 aulis
1320 1874 1431 1924 sunt
1446 1876 1494 1923 &
1518 1873 1648 1926 Pala-

130 1952 231 2013 tiis,
260 1953 309 2003 δε
325 1953 417 2006 fere
441 1972 495 2005 ex
510 1952 776 2006 ambitione
804 1950 934 2003 nasci
948 1949 1300 2004 consueverunt
1329 1971 1340 2001 :
1370 1948 1482 2002 cum
1513 1952 1648 2002 enirn

134 2033 230 2103 jam
253 2029 493 2082 distributa
509 2030 597 2081 sint
612 2029 795 2100 praernia
808 2067 822 2089 ,
844 2028 891 2077 &
909 2027 1076 2079 formae
1093 2046 1230 2079 novae
1247 2027 1423 2098 absque
1451 2027 1647 2079 aliarum

134 2107 327 2162 interitu
357 2106 597 2159 introduci
627 2120 868 2177 nequeant
891 2148 904 2167 ,
925 2121 1003 2173 per
1032 2101 1326 2155 calumniam
1357 2119 1439 2154 aut
1466 2105 1562 2156 vim
1591 2103 1650 2155 co

137 2183 460 2239 contenditur.
502 2182 750 2235 Interdum
770 2200 876 2232 non
895 2179 980 2232 nisi
997 2178 1242 2231 aemulatio
1269 2180 1332 2231 est
1348 2224 1360 2243 ‚
1391 2179 1482 2251 qua
1499 2181 1650 2232 Mini-

133 2263 220 2316 ster
232 2280 358 2313 unus
373 2261 553 2316 invidet
567 2259 692 2312 alteri
707 2253 989 2324 excellentes
1002 2258 1151 2309 animi
1166 2256 1302 2308 dotes
1319 2300 1329 2318 ‚
1355 2255 1528 2328 quibus
1544 2256 1652 2327 pol-

135 2340 232 2395 let,
255 2338 460 2411 ideoque
478 2338 573 2390 hoc
599 2337 692 2411 agit
708 2334 1001 2406 potiffirnum
1019 2376 1031 2396 ‚
1060 2351 1113 2386 ut
1137 2351 1216 2385 aut
1230 2331 1394 2385 officio
1418 2350 1648 2392 arceatur,

131 2417 217 2471 ubi
235 2415 324 2469 illae
340 2415 491 2490 magis
508 2414 697 2467 elucent
713 2456 725 2476 ‚
741 2429 820 2464 aut
837 2428 889 2464 ut
903 2428 1194 2481 conceptam
1211 2411 1271 2462 de
1296 2413 1349 2463 iis
1363 2412 1652 2480 opinionem

135 2494 388 2566 deponant
415 2494 503 2545 alii.
549 2491 719 2557 Qem
743 2489 795 2541 in
810 2488 961 2541 finem
985 2488 1099 2540 falsa
1129 2489 1273 2540 etiam
1292 2487 1521 2540 nonnulli
1555 2486 1655 2539 aliis

136 2573 405 2642 imponunt
421 2570 619 2623 crimina
637 2603 652 2624 ,
666 2569 713 2618 ὃ(
727 2565 758 2616 si
773 2567 935 2621 veritas
949 2564 1183 2618 obscurari
1206 2584 1309 2616 non
1325 2565 1493 2635 potest,
1508 2581 1656 2616 utun·

136 2665 212 2705 tur
224 2647 341 2700 ficio
356 2647 583 2716 risu2jocis
599 2643 791 2716 aliisque
809 2642 958 2696 verbis
973 2641 1134 2694 minus
1146 2641 1528 2704 honorificiS‚sub
1538 2639 1658 2713 quti-

140 2725 255 2779 dam
270 2725 485 2777 amicitiae
500 2724 526 2775 s
520 2724 649 2793 pecie
663 2766 675 2786 ,
689 2738 743 2773 ut
758 2721 839 2793 qui
854 2721 952 2790 jam
969 2719 1019 2771 in
1033 2719 1171 2772 rebus
1187 2719 1439 2772 levioribus
1451 2720 1660 2771 auetori-
1682 2773 1697 2796 p
1714 2768 1872 2801 pernam

140 2818 288 2857 tatem
306 2799 502 2872 perdidit
524 2844 536 2863 ‚
562 2798 726 2852 eadem
741 2793 897 2869 postea
909 2797 1052 2848 etiam
1068 2797 1116 2848 in
1130 2794 1419 2869 gravioribus
1436 2794 1656 2847 destitua-
1679 2814 1901 2869 aliis,acp3›stre-

140 2898 232 2933 tur.
273 2877 477 2930 Artificia
515 2874 749 2947 ejusmodi
793 2874 1027 2926 malitiosa
1042 2913 1055 2936 ,
1082 2871 1340 2945 minusque
1370 2872 1544 2925 sincera
1573 2871 1655 2944 ipfi
1678 2863 1897 2946 ζἐζζζξόἱιέζὲ.

140 2974 338 3031 quoque
351 2955 533 3008 auctori
545 2953 805 3025 perniciosa
821 2951 931 3003 sunt
945 2949 1393 3022 3quemadmodum
1408 2951 1458 3001 in
1475 2950 1654 3020 Hispo·
1679 2941 1901 2993 liba-‘Annal-

141 3053 206 3087 ne
223 3033 414 3105 ejusque
433 3031 710 3105 sequacibus
727 3028 1007 3102 prudenter?
1026 3027 1224 3080 advertit
1239 3028 1445 3080 Tacitus,
1461 3029 1515 3077 Et
1531 3042 1655 3078 tam·
1679 3038 1787 3093 Tacit,
1802 3037 1860 3073 lib.
1875 3049 1900 3076 ι,

140 3109 221 3165 etfi
235 3109 462 3165 Lucinius
492 3107 719 3162 Proculus
746 3106 866 3162 alios
882 3103 1192 3165 criminando,
1215 3101 1658 3255 quodflzcillinJunu
1683 3086 1769 3122 Μ·

968 3185 1005 3235 A
1024 3201 1048 3234 a
1063 3201 1087 3236 a
1120 3203 1143 3236 2
1552 3184 1660 3235 adiu
