2394 3768
433 320 827 367 sYMBOLA
878 322 1325 366 POLITICA.
1469 326 1472 330 ·
1561 326 1635 370 127

95 2325 153 2461 I
173 2340 210 2374 N
227 2339 263 2374 T
278 2339 305 2374 Ε
325 2339 358 2373 R
398 2321 623 2374 solennes
643 2321 917 2394 nuptiarnrn
931 2321 1046 2387 ritus
1061 2319 1188 2393 apud
1202 2320 1516 2378 Athenienses
1533 2345 1644 2396 pue-

172 2399 299 2453 tulus
317 2399 489 2472 aliquis
499 2400 744 2468 Sponsum
762 2399 990 2464 anteibat,
1006 2399 1206 2469 spinosis
1225 2400 1472 2454 redimitus
1489 2403 1617 2456 foliis
1633 2449 1646 2468 ,

99 2478 149 2527 ὅτ,
167 2496 340 2549 panem
355 2479 405 2528 in
424 2476 627 2529 canistro
644 2495 794 2528 manu
813 2477 1079 2546 praeferens:
1102 2477 1398 2548 Symbolum
1415 2523 1427 2542 ,
1452 2499 1554 2552 quo
1567 2483 1648 2533 in·-

100 2556 338 2610 nueban12
352 2552 917 2625 opinonmatrirnonium
932 2571 1038 2604 non
1056 2554 1202 2606 solius
1216 2554 1473 2626 voluptatis
1486 2557 1650 2625 gratid,

100 2631 183 2685 sed
196 2631 255 2684 ad
272 2650 401 2684 curas
415 2630 558 2684 etiam
573 2632 624 2682 ὅ(
639 2630 698 2683 ad
714 2630 898 2684 labores
914 2631 939 2682 ὲ
953 2630 1117 2682 ηειῑυῐεὶ
1136 2631 1411 2684 institutum
1428 2633 1531 2686 effe.
1555 2636 1651 2704 ξρ-

103 2704 217 2766 dem
246 2707 310 2778 (fi
328 2710 379 2761 in
393 2707 777 2762 Emblematibus
800 2708 958 2784 figuris
973 2708 1200 2761 humanis
1220 2708 1328 2761 effet
1346 2708 1508 2780 locus)
1534 2707 1650 2765 exim

101 2805 301 2861 quoque
315 2784 551 2857 possemus
568 2785 847 2840 adumbrate
865 2830 878 2850 ‚
891 2787 974 2858 qui
995 2784 1199 2838 nascitur
1213 2826 1226 2850 ,
1242 2803 1296 2839 ut
1312 2787 1413 2840 aliis
1428 2790 1644 2861 imperet.

102 2867 236 2916 Nam
252 2864 426 2937 quibus
440 2883 653 2916 curarum
670 2863 815 2935 spinis
830 2883 933 2916 non
952 2863 1369 2938 circumdatur2qui
1382 2864 1524 2919 status
1537 2867 1649 2919 suos
1679 2885 1691 2901 ²
1713 2874 1874 2933 Qamff

105 2945 156 2995 in
172 2939 357 3011 justititi,
370 2943 421 2994 in
439 2960 568 3011 pace,
580 2943 631 2993 in
643 2960 798 2995 rerum
815 2941 1024 2994 ubertate
1042 2942 1158 2994 tueri
1176 2942 1340 3016 satagit
1358 2949 1372 2995 ?
1404 2963 1522 3016 quas
1540 2964 1648 2996 non
1676 2928 1906 3021 ῗζξῖζῄιὲἶῖ

106 3020 332 3088 experitur
358 3031 377 3052 ‘²
409 3015 711 3071 difficultates
726 3063 738 3084 ‚
766 3019 940 3092 quibus
970 3037 1075 3071 non
1110 3019 1204 3071 sese
1228 3021 1444 3091 periculis
1470 3023 1652 3092 objicit,
1684 3034 1756 3057 ΠΜ
1770 3021 1886 3067 '‘22⁶²'‘st

1684 3069 1765 3105 onus!
1782 3073 1804 3104 ”l
1816 3081 1864 3103 ac.

109 3097 191 3168 qui
205 3098 457 3169 imperium
472 3112 602 3149 tenet
616 3098 667 3149 in
683 3096 798 3150 alios
815 3104 829 3150 ?
852 3097 982 3150 Illius
1003 3096 1185 3149 labores
1201 3142 1213 3160 ,
1229 3099 1394 3170 populi
1412 3101 1544 3171 quies
1558 3099 1649 3151 sint
1688 3133 1716 3154 1.
1735 3118 1853 3161 Annai,

1005 3175 1047 3225 L
1082 3197 1113 3234 4
1511 3193 1655 3248 opor-
