2394 3768
496 1088 603 1121 Tacit.
627 1087 719 1123 lib.2.

498 1137 624 1171 Histor.

495 1310 575 1344 Plin.
590 1311 625 1345 iii
641 1313 701 1345 Pa-

495 1373 567 1406 fleg.

497 1428 509 1442 c
528 1416 604 1451 Citm
617 1420 721 1453 ambu-

496 1469 596 1500 larent
609 1469 646 1499 cl
644 1481 721 1501 tttttt

496 1515 565 1558 bam,
579 1516 659 1549 ibant
670 1527 723 1560 pa-

497 1574 570 1596 riter
582 1566 618 1600 0²·
632 1574 697 1597 rote

498 1612 585 1657 juxta
597 1625 628 1645 ca
642 1628 650 1645 :
665 1615 700 1650 <J

499 1661 562 1693 mm
577 1664 721 1694 elevarent

499 1710 655 1743 Cherubim
663 1713 721 1743 alJJ'

492 1756 575 1803 fimf,
592 1768 624 1791 ut
639 1761 720 1793 exal-

498 1816 633 1839 tarentur
644 1809 677 1840 de

498 1853 593 1898 terni,
606 1867 661 1888 non
678 1869 723 1889 re-

492 1902 624 1947 fidebant
633 1914 699 1937 rotie
714 1933 724 1949 ,

495 1951 547 1997 sed
563 1953 599 1988 0³*
614 1953 676 1996 ipsit

496 1998 588 2042 juxti}
603 2011 696 2034 erant.

502 2049 723 2084 Ezechiam

501 2112 520 2130 ‘⁶‘
535 2113 675 2158 Qintil.

504 2175 610 2208 Tacit.
630 2176 674 2210 lib
691 2190 723 2220 4.

503 2225 623 2258 Aniial.

502 2537 617 2573 Libe.
631 2539 681 2573 tit.
698 2552 724 2583 5.

501 2598 532 2632 p.
546 2599 574 2620 2.

751 304 804 345 86
1106 297 1917 338 DIDACISAA.VEDRAE

753 367 1080 423 communiter
1098 366 1271 418 adferte
1290 366 1610 420 nocumenti,
1647 366 1797 437 quam
1816 364 1996 436 prosint
2011 364 2153 418 etiam
2172 363 2299 434 opti-

751 450 843 498 mi:
878 462 992 495 nam
1021 462 1073 495 ea
1100 443 1165 494 est
1184 459 1358 493 naturae
1385 442 1552 494 nostrae
1575 442 1780 513 perversa
1809 443 2062 496 inclinatio
2090 487 2102 506 ,
2144 459 2198 494 ut
2225 442 2297 494 vi-

751 525 812 574 tia
843 520 1000 592 potius
1030 566 1042 585 ‚
1071 521 1220 593 quam
1247 520 1441 572 virtutes
1477 520 1644 572 imitari
1690 519 1897 571 studeat.
1939 519 2153 585 Qantae
2180 559 2194 582 ,
2245 520 2297 568 ὅ(

749 600 897 672 quam
913 600 1092 651 eximiae
1108 615 1242 651 erant
1256 596 1345 648 illae
1374 641 1386 661 ,
1423 617 1526 669 quae
1543 602 1593 649 in
1613 596 1883 650 Alexandro
1902 601 2091 671 Magno
2108 598 2296 649 emine-

748 678 868 730 bant
898 681 907 728 1
951 680 1213 746 Imperator
1244 692 1410 727 tamen
1435 675 1681 728 Caracalla
1715 674 1836 727 nihil
1869 674 1927 727 ad
1956 675 2001 726 se
2036 719 2048 738 ,
2090 674 2297 746 suosque

752 774 912 808 mores
944 754 1189 807 transferre
1219 769 1424 806 conatus
1451 753 1514 804 est
1534 797 1546 816 ,
1584 770 1740 824 praeter
1767 752 1863 805 hoc
1891 753 2095 804 unicum
2115 796 2126 814 ,
2159 751 2296 825 quod

752 849 894 904 caput
921 832 1112 885 inlatus
1139 830 1377 884 finistrum
1403 830 1682 884 inflecteret.
1716 830 1925 882 Tametsi
1940 829 2048 882 vero
2074 829 2298 903 quaedam

757 911 985 982 Principis
1010 911 1121 964 vitia
1147 909 1238 961 soli
1267 908 1374 981 ipsi,
1416 908 1503 960 alia
1527 910 1673 961 etiam
1703 907 1992 980 Reipublicae
2018 909 2146 961 mala
2178 907 2295 962 sint,

753 986 1182 1062 quemadmodum
1210 988 1262 1039 in
1281 986 1485 1039 Vitellio
1508 987 1560 1037 &
1587 986 1792 1039 Othone
1818 986 2121 1038 observatum
2152 984 2178 1037 a
2202 989 2301 1036 Ta·

750 1070 855 1119 ,cito
880 1094 893 1129 ς
936 1085 1149 1138 quorum
1177 1065 1301 1136 prior
1331 1078 1495 1117 ventre
1520 1068 1588 1124 &³
1602 1061 1718 1138 gulfi
1730 1063 1822 1137 fibi
1852 1062 1931 1138 ipsi
1959 1060 2096 1116 hostis
2125 1092 2138 1126 5
2179 1060 2302 1115 Otho

754 1144 870 1197 luxu
887 1140 1092 1216 ‚fivitid
1106 1187 1119 1207 ‚
1143 1139 1340 1198 audaciai
1369 1140 1636 1219 Reipublicae
1659 1139 2177 1215 exitiostorducebastur:
2193 1140 2305 1192 nul-

758 1223 860 1276 lum
882 1239 1047 1273 tamen
1080 1220 1146 1273 est
1176 1265 1188 1285 ,
1229 1219 1363 1292 quod
1396 1237 1581 1290 propter
1607 1221 1886 1289 exemplum
1916 1238 2020 1270 non
2040 1217 2304 1292 gravilsime

755 1316 930 1353 noceat
955 1299 1169 1352 subditis.
1216 1294 1454 1351 flexibiles
1484 1316 1806 1374 quamcunque
1819 1299 1867 1350 in
1890 1310 2066 1372 partem
2094 1295 2308 1349 ducimur

753 1377 783 1431 ci
799 1375 1090 1453 Principibus
1107 1423 1119 1441 ‚
1158 1387 1306 1450 astque
1334 1389 1385 1427 ut
1410 1377 1474 1428 ita
1502 1374 1656 1426 dicam
1673 1373 1918 1448 ‚ſs’quacos
1935 1375 2114 1444 [vimus.
2159 1372 2304 1425 Haud

758 1454 973 1506 multum
1012 1453 1247 1505 absimiles
1286 1454 1401 1504 rotis
1429 1453 1521 1504 illis
1547 1454 1598 1503 in
1625 1451 1805 1505 visione
1845 1463 1859 1484 ⁶
1895 1451 2152 1504 Ezechielis
2189 1453 2305 1502 Pro-

756 1530 938 1604 phetica
965 1567 980 1588 ‚
1022 1550 1126 1603 quae
1154 1529 1554 1582 Cherubinorum
1584 1548 1783 1582 motum
1811 1529 2088 1580 examussim
2121 1575 2133 1594 ‚
2162 1531 2212 1580 &
2252 1530 2306 1580 in

757 1609 991 1663 omnibus
1029 1608 1376 1681 sequebantur.
1417 1608 1494 1660 Ea
1520 1605 1717 1660 conditio
1740 1608 2019 1680 Principitm
2049 1643 2064 1662 ‚
2100 1620 2152 1660 ut
2177 1609 2308 1682 quic-

755 1686 870 1762 quid
876 1686 1080 1756 faciant,
1088 1688 1309 1762 praecipere
1333 1683 1602 1739 videantur.
1641 1684 1660 1704 *
1690 1684 1970 1735 Existimant
1989 1685 2083 1737 fere
2102 1685 2304 1747 subditi,

756 1782 944 1839 gratum
964 1767 1008 1816 se
1022 1765 1315 1835 obsequium
1338 1761 1543 1834 praestare
1560 1762 1764 1832 Principi
1782 1804 1793 1824 ,
1814 1760 1844 1812 si
1860 1761 2034 1830 flagitia
2051 1763 2179 1816 illius
2196 1763 2307 1815 imi-

758 1859 919 1894 tentur
946 1886 959 1905 ,
1002 1840 1215 1913 cumque
1230 1860 1282 1893 ea
1295 1839 1541 1894 voluntati
1557 1837 1877 1891 dominentur
1906 1885 1918 1904 ,
1954 1839 2095 1893 facile
2111 1841 2310 1911 sibiper-

759 1920 922 1971 suadet
951 1917 1164 1971 adulatio
1182 1954 1198 1974 ‚
1241 1917 1328 1970 hfic
1350 1916 1555 1969 demum
1583 1916 1655 1970 via
1681 1916 1775 1968 sese
1801 1915 1879 1968 illa
1909 1919 2187 1987 potituram.
2242 1919 2310 1968 Ita

757 1995 962 2049 validior
987 1998 1035 2049 in
1057 1995 1154 2049 dies
1184 1993 1440 2068 Ugellinm
1467 2038 1479 2057 ,
1504 1997 1572 2052 Εἴ
1598 1991 1751 2046 malas
1772 2007 1894 2046 artes
1920 2030 1935 2049 ,
1974 1993 2141 2068 quibm
2169 1992 2309 2070 polle-

758 2072 845 2125 bcvt
865 2117 876 2134 ‚
907 2076 1120 2146 gratiores
1139 2085 1262 2125 ratus
1274 2071 1321 2143 st
1353 2072 1616 2146 Principem
1641 2074 1672 2140 .(
1689 2072 1940 2123 Neronem
1959 2076 1981 2142 )
1993 2073 2200 2143 societate
2211 2073 2312 2141 sce-

757 2150 900 2203 lerum
929 2147 1222 2223 obstringeret.
1266 2149 1384 2214 Qa
1401 2150 1587 2201 ratione
1607 2149 1731 2201 ordo
1748 2148 2045 2220 perturbatur
2062 2148 2312 2221 Reipubli-

759 2247 823 2281 cae
837 2264 853 2284 ‚
891 2228 942 2277 δέ
958 2228 1103 2280 virtus
1119 2227 1451 2280 confunditur.

876 2304 1044 2357 Talem
1080 2307 1219 2379 igitur
1252 2306 1469 2374 Princeps
1495 2302 1817 2358 ducat-vitam
1852 2348 1863 2368 ,
1893 2303 2009 2355 tales
2042 2301 2133 2354 fint
2174 2304 2313 2375 ipsius

757 2400 914 2435 mores
930 2429 941 2447 ,
966 2400 1018 2434 ut
1032 2381 1089 2434 ad
1106 2388 1329 2437 virtutem
1348 2427 1360 2446 ,
1375 2381 1433 2432 ad
1449 2380 1752 2434 honestatem
1769 2381 1992 2452 exemplo
2010 2400 2186 2433 omnes
2205 2401 2315 2453 pro-

758 2475 964 2523 vocent5
1001 2459 1138 2532 quod
1157 2459 1519 2513 documentum
1538 2462 1637 2510 Rex
1657 2458 1950 2530 Alphonsus‚
1968 2477 2314 2532 cognomento

758 2539 978 2607 Sapiens,
1001 2537 1293 2608 Principibus
1319 2536 1478 2589 dedit:
1508 2538 1560 2588 E
1581 2551 1672 2589 otro
1685 2538 1739 2609 st
1758 2552 1867 2612 pam
1890 2534 2314 2610 mantenerbienstc

749 2612 910 2689 pueblo
923 2655 935 2678 ,
959 2614 1154 2667 dandole
1181 2612 1345 2667 buenos
1376 2633 1509 2666 exem
1541 2612 1604 2666 los
1626 2614 1683 2666 de
1701 2615 1746 2685 fi
1769 2615 1953 2687 mismor
1969 2659 1980 2679 ,
2000 2613 2312 2686 mostrandoles

753 2690 817 2743 los
832 2711 992 2745 errores
1021 2729 1037 2749 ‚
1070 2708 1190 2768 para
1212 2713 1301 2768 que
1328 2692 1476 2768 sagam
1522 2694 1595 2745 ien
1626 2713 1643 2743 .·
1670 2711 1723 2744 ca
1743 2711 1801 2743 no
1814 2691 1979 2767 podria
2005 2690 2051 2743 el
2067 2691 2260 2763 conoscer
2277 2690 2309 2743 d

756 2769 882 2822 Dios
899 2814 911 2833 ‚
926 2773 1008 2823 nin
1020 2768 1062 2822 lo
1081 2767 1236 2841 [iibria
1257 2784 1404 2823 tomer
1421 2771 1530 2833 ,nin
1564 2787 1727 2824 amar,
1742 2771 1823 2821 nin
1851 2784 1942 2822 otro
1959 2805 1974 2825 ,
1987 2771 2039 2846 fi
2060 2765 2314 2842 bienguar-

756 2845 915 2919 darfh
941 2865 1164 2911 common,
1195 2849 1278 2900 nin
1295 2848 1372 2920 fiis
1396 2843 1611 2922 palabras
1633 2881 1648 2902 ‚
1690 2849 1772 2900 nin
1788 2847 1872 2919 sm
1900 2846 2030 2899 obras
2052 2845 2223 2919 (fhgim
2235 2845 2307 2899 di.

756 2924 909 2975 ximos
925 2924 982 2976 de
984 2925 1084 2996 fhfi)
1099 2944 1154 2976 en
1166 2921 1238 2975 las
1249 2937 1370 2976 otras
1385 2922 1557 2997 leyen)
1577 2926 1660 2976 nin
1671 2922 1773 2976 bien
1790 2923 2101 2994 mantenersu
2113 2921 2278 2997 pueblo
2295 2969 2308 2989 ,

741 3004 788 3074 si
803 2999 851 3052 el
854 3000 1132 3074 costumbres,
1145 3023 1168 3054 e
1181 3018 1397 3054 maneras
1413 2998 1586 3053 buenas
1600 3021 1689 3054 non
1701 2998 1877 3073 ovicffi'.
1899 3005 2032 3053 Nam
2048 3000 2076 3051 si
2093 3003 2201 3053 vitia
2215 3002 2309 3056 vir·-

756 3080 869 3131 tutis
906 3080 1157 3133 lucernam
1189 3080 1473 3153 extinguant
1507 3083 1559 3130 in
1589 3081 1802 3151 Principe
1834 3125 1846 3145 ,
1877 3081 1959 3152 qui
1998 3079 2159 3132 facem
2193 3098 2307 3150 prae-

2155 3155 2309 3210 lucere
