2394 3768
686 338 767 378 688
1053 331 1355 371 DIDACI
1410 331 1876 373 SAAVEDRAE

694 405 888 457 animos
907 445 919 464 ,
932 403 981 451 &
1002 399 1170 453 contra
1183 434 1198 456 ‚
1219 419 1271 451 ac
1285 417 1590 452 conventum
1606 401 1756 453 fuerat
1780 443 1794 465 ,
1824 418 1955 452 arma
1972 404 2195 475 corripuit
2213 451 2226 469 ‚

695 480 822 534 aliud
844 477 1072 530 suscitans
1087 477 1216 529 bellu
1233 475 1384 550 magis
1401 478 1743 549 sumptuosum
1759 522 1770 541 ‚
1787 478 1935 550 quam
1953 476 2071 531 illud
2086 485 2226 552 prius·

695 555 1062 619 Vndefactum,
1074 572 1125 608 ut
1141 555 1221 606 sua
1240 556 1383 624 Μεη(ὃς
1401 556 1570 607 urbem
1586 556 1792 608 Vercelli
1806 554 2063 621 obfideret,
2073 578 2222 630 quarn

691 653 859 687 tamen
873 649 1163 705 occupatam
1183 652 1298 686 mox
1317 633 1771 706 restituit5ct'1mque
1786 634 1866 685 sua
1885 635 2009 687 Duci
2026 637 2222 690 consilia

690 712 888 766 feliciter
905 711 1363 766 succederent,init0
1379 714 1631 766 Avenione
1651 731 1766 765 cum
1782 714 1969 765 Francis
1985 715 2033 762 ὃ(
2057 716 2223 767 Vene-

691 792 748 842 tis
764 790 976 846 foedere,
1002 788 1194 843 tertium
1213 788 1352 841 Italiae
1369 792 1581 864 quietem
1609 789 1909 862 perturbavit.
1941 790 2068 857 Qae
2098 791 2222 845 bella

687 870 862 921 omnia
876 869 1014 922 facile
1026 869 1181 921 evitari
1200 867 1460 935 potuiffent
1480 915 1491 934 ‚
1524 867 1555 920 fi
1575 888 1690 922 mox
1706 870 1756 920 in
1786 869 1849 939 pri
1859 887 1944 920 mo
1961 868 2220 935 dimisiss'et,

689 947 826 1019 quod
844 947 1086 1018 Hispaniae
1103 964 1232 999 arma
1245 945 1763 1017 precedebant‚etiamfi
1777 945 1850 998 vel
1866 944 2023 998 Status
2037 949 2102 999 sui
2118 967 2220 1019 par-

688 1042 788 1077 tem
806 1025 993 1096 perdere
1007 1023 1362 1092 debuisset.Qui
1384 1026 1530 1078 semel
1550 1026 1776 1096 potentiae
1791 1025 1955 1092 majori
1972 1045 2218 1096 opponere

688 1102 785 1155 sese
803 1102 940 1155 ausus
952 1104 1108 1169 fuerit,
1121 1105 1303 1156 amicus
1319 1123 1423 1156 non
1440 1103 1627 1167 erit,nis1
1643 1103 1899 1174 spoliatum
1916 1104 2215 1177 exutumque

688 1180 736 1233 se
750 1180 998 1235 videritzita
1014 1181 1206 1235 Vocula
1224 1182 1374 1251 ajebat
1391 1182 1449 1233 ad
1465 1183 1818 1235 tumultuantes
1836 1183 2216 1255 Legione32cum

688 1278 763 1311 eas
782 1274 951 1313 contra
974 1260 1172 1314 rebelles
1200 1260 1433 1332 quasdam
1451 1263 1650 1314 Franciae
1674 1261 1937 1312 Provincias
1953 1270 1966 1292 ⁶
1982 1262 2215 1314 incitaret.

445 1345 458 1360 Ε
477 1335 621 1370 Numm-
691 1338 928 1410 Principes
942 1357 1047 1391 non
1066 1337 1175 1391 idco
1190 1341 1439 1396 timentur,
1459 1341 1601 1392 autin
1617 1340 1924 1392 veneratione
1938 1340 2066 1404 sunt,
2081 1338 2219 1412 quod

437 1383 661 1477 'lieiilisifniiiils
687 1418 818 1470 ferire
848 1417 1050 1488 poffint‚
1077 1418 1156 1470 sed
1175 1416 1307 1491 quod
1334 1419 1465 1470 ferire
1482 1418 1661 1470 norint.
1696 1420 1864 1469 Nemo
1894 1437 2008 1470 eum
2032 1417 2218 1472 invadit

439 1482 663 1576 ζῗζζξξζωῇξ
691 1495 884 1554 temere,
900 1497 984 1570 qui
1002 1498 1172 1550 contra
1191 1496 1385 1551 viciffim
1399 1498 1543 1550 audet
1555 1497 1749 1570 aliquid.
1779 1497 1965 1549 Omnia
1981 1496 2076 1549 fere
2092 1496 2216 1549 bella

441 1583 513 1625 m,
526 1583 632 1663 ffsrnicf’s
688 1594 741 1627 ex
760 1593 818 1627 co
834 1576 1096 1629 nascuntur
1113 1577 1267 1640 fonte,
1282 1578 1393 1649 quia
1411 1581 1493 1649 qui
1508 1576 1756 1647 impetitur
1772 1621 1784 1641 ,
1797 1593 1878 1628 aut
1893 1576 2219 1649 negligentior

434 1629 547 1722 {1⁰54
560 1640 656 1714 ‘³131‘st
687 1655 778 1720 cst,
807 1671 886 1707 aut
912 1654 1147 1709 timidior..
1170 1658 1292 1707 Non
1307 1673 1444 1729 grave
1457 1655 1552 1708 adit
1569 1654 1826 1708 discrimen
1845 1698 1858 1718 ,
1882 1656 1966 1726 qui
1996 1656 2220 1707 adversus

686 1734 957 1804 Principem
984 1734 1110 1805 pacis
1131 1751 1382 1787 amantem
1412 1753 1544 1787 arma
1561 1733 1750 1805 corripit
1780 1755 1793 1782 .·
1830 1732 2065 1805 quicquid
2079 1734 2215 1784 enim

689 1813 897 1864 evenerit
916 1856 930 1876 ,
945 1812 1128 1881 semper
1147 1812 1225 1865 illa
1238 1813 1326 1864 frui
1347 1813 1534 1882 poterit.
1565 1814 1685 1875 Eam
1700 1811 1767 1862 ob
1783 1829 1885 1862 rem
1899 1808 2213 1863 immutanda

687 1889 911 1941 videntur
924 1889 976 1939 in
991 1887 1123 1938 Italia
1142 1888 1470 1959 Hispanorum
1491 1887 1720 1957 Principia
1741 1932 1752 1950 ,
1767 1905 1873 1959 quae
1891 1889 2223 1940 communiter

686 1966 864 2018 animis
892 1964 1208 2033 imprimunt,
1248 1963 1385 2014 suam
1417 1964 1592 2015 scilicet
1616 1964 1917 2033 Majestatern
1949 1964 2071 2016 adeo
2095 1965 2224 2034 pacis

689 2042 900 2094 amicam
913 2040 1000 2091 esse
1017 2080 1030 2100 ,
1055 2054 1109 2089 ut
1127 2040 1300 2109 quovis
1317 2040 1460 2089 etiarn
1476 2040 1626 2110 pretio
1643 2058 1750 2091 earn
1768 2043 1963 2093 mercari
1980 2057 2134 2112 parata
2153 2040 2226 2095 fit.

688 2117 814 2171 Illud
833 2114 1060 2190 equidem
1076 2115 1211 2168 refert
1224 2113 1518 2186 plurimum,
1553 2116 1584 2168 sl
1600 2116 1768 2169 norint
1784 2120 2019 2190 Principes
2033 2163 2044 2182 ‚
2067 2121 2224 2191 Maje-

688 2199 857 2250 statem
877 2197 1012 2248 suam
1030 2193 1263 2247 finceram
1294 2192 1476 2266 semper
1494 2213 1608 2247 cum
1634 2194 1725 2248 illis
1741 2197 1790 2247 &
1807 2215 2032 2249 mutuam
2062 2198 2224 2252 cultu-

687 2295 789 2328 ram
816 2273 1078 2327 amicitiam
1100 2318 1111 2337 ,
1140 2273 1233 2324 suis
1245 2273 1389 2324 etiam
1405 2274 1545 2324 armis
1563 2292 1648 2345 pro
1667 2275 1936 2328 eorundem
1967 2277 2223 2330 conserva-

688 2356 824 2406 tione
836 2349 1217 2423 defensioneque
1234 2350 1686 2414 decertaturam2nec
1702 2354 1967 2425 quicquam
1984 2355 2224 2407 intermis-

688 2431 716 2483 s
713 2449 844 2484 uram
863 2429 1122 2504 diligentiae
1140 2474 1152 2494 ,
1179 2428 1315 2502 quod
1333 2428 1390 2481 ad
1411 2431 1766 2483 provinciarum
1779 2431 1968 2483 illarum
1987 2432 2225 2504 tranquil-

690 2510 878 2563 litatem
897 2507 1033 2580 poffit
1051 2507 1325 2561 conducere
1346 2532 1355 2557 ε
1382 2508 1460 2560 sed
1474 2509 1524 2557 &
1541 2508 1665 2560 istud
1683 2510 1796 2562 scire
1812 2526 2004 2578 oportet
2017 2546 2033 2567 ,
2051 2511 2186 2583 quod
2207 2555 2222 2577 ‚

687 2587 720 2639 fi
733 2589 838 2660 quis
853 2585 1020 2660 inique*
1034 2588 1133 2657 ejus
1151 2587 1196 2638 se
1212 2587 1480 2639 auctoritati
1496 2587 1798 2658 opposuerit,
1825 2604 1906 2639 aut
1923 2606 2092 2641 contra
2107 2609 2224 2643 ean-

687 2666 803 2718 dem
828 2664 1117 2737 conjurarit,
1149 2663 1454 2738 caussamque
1469 2663 1648 2717 dederit
1666 2666 1776 2718 belli
1808 2666 2000 2720 damnis
2019 2687 2073 2720 ac
2087 2668 2221 2721 sum-

690 2744 870 2814 ptibtm,
887 2745 1082 2797 vicissim
1100 2743 1320 2814 Majestas
1336 2744 1414 2796 sua
1432 2743 1807 2796 satisfactionem
1823 2744 1882 2797 ab
1895 2764 1953 2797 eo
1970 2748 2221 2817 repetitura

687 2821 771 2886 fit,
789 2821 1044 2875 retinendo
1058 2839 1110 2873 ea
1126 2866 1138 2887 ,
1166 2841 1273 2895 quae
1298 2823 1437 2875 armis
1455 2824 1775 2892 occupaverit.
1815 2823 2017 2896 Ecquod
2036 2825 2221 2877 Iustitiae

688 2899 898 2952 tribunal
915 2898 973 2952 ad
989 2899 1275 2970 praestandos
1290 2901 1511 2970 sumptus
1525 2918 1631 2951 non
1649 2900 1952 2954 condemnat
1969 2921 2083 2955 eum
2103 2948 2115 2967 ,
2134 2905 2218 2976 qui

690 2975 789 3028 fine
807 2975 966 3030 caussa
990 2976 1126 3029 litem
1143 2979 1352 3031 intentat
1379 2979 1504 3030 alteri
1525 2988 1543 3028 ἓ
1569 2976 1696 3044 Qis
1710 2979 1857 3054 gladii
1888 2979 1956 3032 sui
1973 2981 2090 3035 vires
2110 2999 2231 3033 non*

691 3056 1010 3124 experieturin
1030 3070 1228 3124 potente
1245 3056 1410 3130 aliquo
1428 3056 1641 3127 Principe
1654 3101 1667 3123 ,
1685 3057 1716 3110 fi
1733 3057 1911 3131 absque
1928 3058 1957 3111 s
1951 3077 2016 3112 uo
2029 3058 2219 3112 damno

688 3130 737 3182 id
751 3132 899 3186 facere
916 3131 1115 3204 poterit?

2059 3230 2096 3277 ς.
2112 3211 2222 3267 Ob-
