2394 3768
443 297 842 340 sYMssoLA
909 295 1347 339 P0L1T1CA.
1594 305 1670 348 ¹49

117 367 224 427 versi
244 370 381 420 Lares
397 394 411 430 3
438 366 519 419 sed
536 385 711 442 pugnae
724 367 869 419 etiam
883 367 930 419 se
945 364 1270 418 subducentes
1288 408 1301 429 ,
1328 361 1520 416 Milano
1532 363 1668 417 Nea-

116 446 270 520 polim
299 444 480 498 abeunt
497 488 509 508 ,
535 446 585 496 &
608 462 845 516 tanquam
867 442 956 496 sub
973 442 1067 495 alio
1084 445 1296 513 Principe
1312 441 1546 495 hastenus
1558 458 1667 492 me-

115 520 305 578 ruissent
316 519 875 595 stipendia‚cumins1gni
894 520 1081 572 damno
1095 537 1195 573 tarn
1212 519 1558 591 obsequiorum
1573 517 1665 570 suae

115 599 372 671 Majestatis
391 647 404 664 ‚
436 599 585 672 quam
613 599 857 651 fadtorum
873 598 1187 669 sumptuum,
1217 598 1268 648 in
1282 598 1424 670 Regis
1440 595 1665 648 militiam

115 675 282 732 denuo
296 676 642 730 adscribuntur.
672 673 788 742 Qa
801 676 852 728 in
865 694 913 727 re
930 673 1290 748 Vice-Regibus
1307 672 1507 738 ,vellem
1523 717 1536 736 ‚
1553 689 1664 725 ante

114 755 286 810 oculos
316 753 616 826 propositum
639 750 749 806 esset
779 753 1059 825 exemplum
1078 751 1292 804 Romani
1316 747 1516 803 Senatus
1535 793 1548 814 ‚
1575 752 1660 822 qui

113 831 298 887 tametsi
310 832 415 904 post
428 831 639 904 praelium
651 831 911 883 Cannense
925 829 997 885 vel
1010 827 1218 881 maxime
1231 844 1383 902 egeret
1400 828 1565 898 copiiS,
1580 829 1661 880 in-

115 910 232 965 duci·
242 926 408 962 tamen
426 926 684 982 nunquam
700 909 929 979 potuit‚ut
941 908 1018 960 sex
1032 906 1112 959 illa
1128 909 1470 958 Romanorum
1488 904 1657 960 millia,

113 1006 218 1063 quae
239 986 488 1040 Hannibal
509 984 739 1039 offerebat
754 1029 766 1050 ,
788 985 1064 1041 redimeret,
1094 1002 1263 1054 patum
1281 983 1335 1036 iis
1348 981 1663 1035 tribuendum

111 1082 237 1120 ratus
252 1109 265 1130 ‚
290 1064 374 1137 qui
392 1062 424 1115 fi
439 1064 705 1139 gloriosam
722 1079 933 1117 mortem
944 1061 1198 1119 voluissent
1216 1060 1511 1115 occumbere
1525 1104 1538 1124 ‚
1558 1076 1664 1113 non

112 1163 228 1198 cum
247 1142 447 1197 infamia
459 1142 562 1213 capi
575 1142 623 1194 se
635 1139 961 1212 permisissent.

220 1226 276 1279 5.
291 1222 448 1273 Errata
460 1223 660 1273 Ducum
674 1237 753 1291 per
764 1217 1089 1292 ignorantiam
1104 1217 1352 1269 commissa
1368 1214 1666 1268 diffimulan-

109 1297 172 1351 da
183 1298 295 1351 sunt
310 1295 486 1368 potius»,
501 1295 651 1369 quam
667 1294 929 1367 punienda,
947 1314 1008 1348 ne
1022 1312 1176 1364 poenae
1192 1309 1272 1345 aut
1285 1291 1663 1364 reprehensionis

110 1390 271 1429 metus
286 1393 368 1426 eos
391 1372 558 1426 reddat
573 1373 853 1429 timidiores,
880 1371 1077 1424 Accedit
1094 1414 1107 1434 ‚
1139 1367 1275 1442 quod
1293 1368 1491 1441 insignis
1517 1369 1664 1421 etiam

110 1452 364 1526 prudentia
390 1452 442 1503 in
471 1450 650 1506 casibus
670 1449 854 1504 bellicis
879 1447 978 1502 falli
1002 1447 1302 1521 quandoque
1325 1446 1473 1498 soleat
1487 1472 1501 1507 3
1532 1444 1667 1497 unde

112 1527 432 1584 misericordia
446 1527 582 1602 digni
593 1529 706 1581 sunt
721 1525 872 1599 magis
890 1570 903 1592 ,
918 1525 1068 1598 quarn
1082 1523 1404 1598 castigatione.
1440 1524 1592 1575 Varro
1607 1520 1669 1574 ad

111 1611 311 1660 Cannas
339 1605 491 1660 vistus
521 1605 671 1657 fuerat
695 1602 880 1674 praelio,
905 1604 956 1653 &
973 1606 1194 1658 Romam
1217 1600 1438 1654 redeunti
1469 1601 1670 1652 Senatus

110 1684 312 1745 obviam
327 1680 542 1754 processit
558 1725 571 1746 ‚
594 1681 765 1752 gratias
782 1682 999 1736 aeturus,
1026 1677 1163 1752 quod
1175 1678 1231 1731 in
1258 1676 1392 1732 tanta
1410 1676 1547 1731 clade
1561 1695 1671 1730 non

111 1758 304 1835 penitus
321 1774 421 1812 rem
438 1777 647 1812 omnem
660 1755 952 1829 desperasset.

223 1843 276 1896 5.
296 1837 341 1889 Si
355 1834 558 1910 quando
575 1833 857 1889 diffimulare
874 1853 981 1887 non
998 1830 1204 1897 licet‚sed
1216 1832 1432 1884 omnino
1450 1849 1670 1886 exercen-

115 1915 176 1969 da
187 1915 358 1986 justitia
387 1958 401 1979 ,
443 1914 615 1967 animo
629 1928 860 1986 prompto
876 1911 926 1965 id
944 1911 1028 1965 fiat
1045 1913 1095 1964 ὃ(
1113 1911 1240 1963 forti.
1279 1910 1385 1976 Qi
1402 1910 1453 1961 in
1470 1909 1670 1962 occulto

116 2011 225 2047 eam
243 1993 503 2064 exequitur,
518 1992 694 2046 Sicario
707 1989 901 2043 fimiliot
917 1989 1159 2062 est‚quam
1178 1988 1393 2060 Principi.
1410 1987 1516 2054 Qi
1532 1986 1669 2040 suam

116 2071 212 2143 ipse
224 2069 576 2127 auetoritatem,
591 2087 742 2144 quarn
756 2066 898 2120 habet
916 2066 942 2119 a
955 2065 1153 2119 Corona
1171 2110 1183 2129 ‚
1200 2069 1345 2117 arctat
1363 2067 1412 2116 ὃς
1428 2065 1683 2117 constrin-¹

119 2150 289 2224 git‚aut
303 2147 363 2201 de
379 2146 608 2220 potestate
622 2145 718 2212 sua,
733 2160 813 2199 aut
825 2145 917 2197 suis
929 2145 1104 2197 meritis
1118 2142 1321 2196 dubitat.
1336 2146 1369 2192 E
1384 2139 1667 2204 diffidentia,

119 2224 214 2300 qua
229 2226 443 2297 Princeps
458 2223 542 2277 fibi
558 2224 720 2296 ipsein
736 2221 926 2298 agendo
938 2219 1126 2286 diffidit,
1140 2221 1447 2291 contemptio
1462 2219 1668 2272 nascitur

120 2302 246 2375 apud
264 2302 502 2374 populum
520 2345 532 2365 ,
563 2305 695 2372 cujus
711 2302 815 2354 talis
831 2299 926 2353 fere
939 2301 1003 2353 est
1015 2301 1185 2370 opinio
1202 2301 1288 2367 (ut
1301 2297 1412 2350 alibi
1427 2297 1663 2366 diximus)

118 2380 317 2454 qualem
331 2381 552 2449 Princeps
568 2377 628 2430 de
641 2379 795 2449 seipse
809 2375 1248 2449 concipit.Perdidit
1266 2375 1667 2428 existimationem

123 2462 257 2512 suam
275 2455 401 2529 apud
420 2455 639 2510 subditos
661 2458 761 2508 Rex
778 2454 1048 2526 Alphonsus
1074 2455 1269 2525 Sapiens
1287 2497 1300 2517 ,
1327 2452 1530 2525 quando
1544 2452 1670 2523 justi*
1702 2472 1787 2523 Mag.
1809 2467 1880 2520 ¹3³st-

124 2538 242 2590 tiam
260 2532 438 2588 secreto
450 2551 657 2587 exercere
672 2528 796 2588 visus
809 2531 891 2584 est.
915 2535 1059 2584 Tunc
1075 2529 1310 2601 expediret
1325 2528 1510 2582 fortasse
1529 2573 1541 2593 ‚
1556 2529 1671 2583 cum
1698 2515 1920 2602 Jss?·¹¹b·²²·

132 2633 186 2668 ea
198 2613 264 2666 est
282 2611 569 2684 perturbatio
581 2629 859 2684 temporum
876 2654 889 2674 ,
914 2625 968 2662 ut
981 2626 1160 2679 majora
1175 2610 1435 2659 timeantur
1449 2605 1671 2677 pericula,

132 2689 217 2747 nisi
231 2691 428 2762 punitos
443 2688 555 2742 ante
576 2687 732 2745 videat
746 2687 954 2760 populus
972 2730 985 2752 ‚
998 2686 1150 2759 quam
1164 2681 1538 2755 comprehensos
1553 2683 1675 2736 sedi·

129 2769 278 2824 tionis
292 2771 522 2821 austoreS.
537 2769 607 2820 Ita
619 2764 1030 2841 Uberiuspoenam
1045 2764 1157 2816 servi
1168 2760 1297 2818 illius,
1313 2762 1395 2834 qui
1415 2762 1674 2836 Agrippam
1705 2769 1816 2804 Tacit·
1830 2767 1923 2803 lib-2·

130 2849 178 2902 se
191 2847 387 2900 finxerat
405 2889 418 2910 ‚
446 2841 607 2922 paldm
619 2864 709 2898 non
723 2843 859 2917 ausus
878 2878 894 2901 2
933 2845 984 2898 in
985 2838 1158 2916 stema
1161 2838 1336 2916 paladii
1343 2852 1470 2916 pane
1486 2836 1677 2912 interfici
1706 2820 1824 2854 Annal'

119 2925 272 3001 jussit,
288 2921 524 2999 emptisque
537 2920 655 2975 clam
677 2921 857 2996 auftrri.
877 2924 934 2972 ln
953 2920 1050 2973 aliis
1064 2918 1244 2973 casibus
1260 2918 1444 2971 fortiter
1459 2918 1678 2990 Princeps

131 3003 219 3055 suo
236 3002 461 3075 fungatur
484 3000 650 3053 officio
665 3044 679 3065 ,
720 2999 858 3074 quod
872 2999 960 3052 Dei
981 2999 1030 3049 &
1047 2995 1219 3072 populi
1237 2996 1444 3048 nomine
1464 2994 1674 3047 sustinet.

129 3080 303 3134 Iustitia
320 3097 536 3153 namque
550 3077 640 3132 fuit
654 3121 667 3143 ,
695 3095 800 3151 quae
814 3076 1056 3151 sceptrum
1072 3074 1140 3127 illi
1160 3075 1211 3127 in
1230 3092 1408 3127 manus
1425 3071 1555 3126 dedit
1573 3104 1589 3128 2
1626 3072 1678 3122 &

1655 3146 1670 3165 x

934 3156 986 3206 N
1029 3173 1052 3213 3
1537 3167 1684 3224 porro
