2394 3768
707 333 787 378 442
1029 315 1894 359 DIDACISAAVEDRAE

975 459 1705 520 SYMBOLVM
1815 458 1990 514 LX.

826 2333 856 2367 A
882 2331 913 2366 G
935 2332 1003 2368 ιτ
1023 2330 1059 2366 'r
1075 2331 1106 2366 A
1149 2314 1210 2368 ab
1222 2332 1329 2366 arcu
1345 2312 1506 2366 emissa
1521 2331 1600 2366 aut
1618 2313 1801 2367 sursum
1820 2315 1962 2368 fertur
1983 2359 1994 2379 ‚
2021 2333 2100 2368 aut
2118 2315 2256 2369 deor—

823 2395 947 2458 sum,
967 2413 1058 2447 nec
1073 2411 1295 2465 unquam
1314 2391 1533 2463 suspensa
1551 2391 1686 2444 haeret
1703 2394 1752 2444 in
1770 2398 1870 2445 ae‘re
1898 2420 1912 2455 3
1954 2392 2115 2446 ssmilis
2130 2411 2258 2446 tem-

728 2474 829 2545 pori
847 2473 1057 2543 praesenti
1074 2489 1173 2523 tam
1191 2470 1416 2523 velociter
1431 2470 1791 2540 praetervolanti,
1808 2486 1860 2522 ut
1874 2470 2087 2524 dubltare
2104 2471 2258 2540 poffis,

732 2549 923 2622 prifisne
938 2548 1025 2601 effe
1038 2544 1390 2619 desmatsslussm
1409 2546 1649 2599 advenerit
1668 2569 1677 2598 ε
1694 2565 1773 2600 aut
1789 2546 1907 2600 ficut
1925 2549 2087 2622 anguli
2104 2552 2155 2601 in
2172 2550 2257 2601 cit-

733 2627 845 2682 culo
860 2661 876 2683 ,
911 2627 994 2680 ubi
1009 2642 1174 2679 acutus
1189 2626 1240 2678 in
1258 2624 1491 2678 obtusum
1510 2624 1671 2677 tranfit
1688 2669 1702 2689 ,
1727 2641 1779 2678 ut
1792 2627 1843 2677 in
1860 2629 1992 2678 redto
2006 2645 2069 2678 ne
2093 2641 2255 2700 tangat

728 2704 940 2778 quidem.
967 2705 1179 2757 Primum
1198 2707 1456 2773 punCtum‚
1475 2703 1525 2753 in
1541 2721 1645 2774 quo
1661 2703 1826 2777 sagitta
1845 2702 2054 2756 confistit
2073 2749 2086 2768 ‚
2099 2703 2250 2756 decli-

730 2785 945 2836 nationis
965 2783 1060 2852 ejus
1076 2785 1318 2854 pundhun
1350 2779 1430 2832 est.
1471 2778 1629 2845 Qod
1645 2779 1858 2832 ascendit
1873 2779 2038 2838 altihs,
2069 2780 2096 2834 Ξι
2122 2780 2254 2852 lapsu

731 2861 818 2913 suo
833 2859 1022 2931 propias
1036 2858 1178 2912 abest.
1205 2861 1300 2910 Res
1315 2875 1508 2911 omnes,
1527 2857 1639 2908 cinn
1659 2856 1717 2907 ad
1733 2857 2011 2928 supremum
2025 2860 2257 2923 venerint,

728 2957 847 2990 mox
859 2937 1032 2989 iterum
1046 2936 1272 2989 deorsum
1289 2933 1381 2987 labi
1396 2931 1578 2986 necesse
1592 2933 1768 2999 est‚nec
1785 2934 1969 2988 firmare
1982 2937 2027 2988 se
2045 2934 2253 3006 possunt.

725 3014 1004 3067 Observavit
1020 3012 1068 3065 id
1080 3014 1131 3067 in
1152 3011 1430 3084 corporibus
1448 3010 1671 3063 humanis
1684 3013 2065 3083 Hippocrates:ea
2079 3013 2254 3084 quippe

482 3113 678 3158 Hippocrat.
726 3111 807 3147 nec
816 3094 866 3148 in
874 3088 1032 3144 melius
1048 3093 1187 3147 ‘vem'⁵
1199 3109 1280 3143 nec
1289 3087 1521 3161 diufistere
1530 3086 1695 3142 valent
1710 3109 1727 3154 ‚¹
1742 3087 1967 3166 reliquum
1981 3107 2093 3165 ergo
2107 3088 2185 3159 est,
2200 3100 2259 3140 ut

2106 3166 2158 3218 in
2169 3163 2255 3219 de-
