2394 3768
489 1866 597 1901 Tacit.
612 1865 669 1901 lib.
677 1878 706 1900 1.

488 1916 576 1951 Hist.

741 319 824 362 450
1099 302 1403 345 DIDACI
1465 305 1924 346 SAAVEDRAE

743 365 1194 442 populusinique&
1212 387 1290 439 per
1302 369 1611 442 tyrannidem
1626 369 1832 440 opprimi
1860 368 1906 421 se
1923 367 1984 422 ab
1997 369 2051 423 iis
2065 367 2244 424 'videns
2257 413 2271 435 ‚

746 448 984 518 sceptrum
997 444 1166 498 iisdem
1179 461 1455 518 extorqueat
1470 448 1495 500 ἐ
1512 447 1738 499 manibus
1751 481 1766 501 ,
1785 443 2055 519 malintque
2072 448 2274 517 impera-

745 542 794 575 re
811 541 988 575 omnes
1008 561 1022 586 ,
1037 522 1234 594 perinde
1260 523 1390 596 quali
1410 527 1560 595 major
1579 524 1632 577 sit
1648 523 1832 576 libertas
1861 526 2192 588 Democratiae5
2219 525 2272 576 in

744 597 838 673 quai
850 597 963 653 curn
980 600 1218 673 aequalitas
1248 601 1408 656 servari
1423 618 1629 675 nequeat
1646 645 1659 666 ,
1690 600 1989 654 invalescunt
2015 602 2275 654 insolentia

740 693 886 750 atque
898 678 1124 750 injustitia
1142 713 1160 736 ,
1177 681 1222 729 ὅ(
1240 678 1514 732 exoriuntur
1528 679 1782 733 seditiones
1799 698 1853 730 ae
1868 678 2103 731 tumultus
2120 722 2133 743 ,
2146 698 2275 752 quo·

742 774 855 808 rum
884 756 1110 809 confufio
1140 776 1194 809 ac
1222 756 1404 810 damna
1433 773 1563 811 tanta
1593 759 1708 827 saepe
1740 753 1877 820 sunt,
1902 772 1956 807 ut
1984 755 2279 810 tolerabilius

743 852 922 886 omnes
935 834 1231 892 existiment,
1254 832 1284 885 fi
1300 853 1444 906 penes
1459 855 1618 890 unum
1647 834 1808 887 solum
1825 832 1877 885 fit
1892 835 2178 904 Imperium,
2204 850 2281 885 at-

742 929 840 984 que
867 912 932 964 ita
958 911 1020 964 ad
1047 910 1392 964 Monarchiam
1422 914 1622 967 tandem
1643 959 1655 979 ,
1683 912 1708 966 a
1739 910 1831 984 qua
1856 911 2068 982 primum
2084 910 2276 964 recesse-

741 1005 875 1052 rant,
908 987 964 1042 fit
984 989 1215 1063 regreffiO.
1243 990 1519 1045 Istiusmodi
1537 991 1770 1045 circulum
1787 989 2091 1042 committere
2118 989 2279 1041 solent

741 1065 1073 1137 Respublicae,
1098 1067 1150 1119 in
1167 1086 1270 1140 quo
1286 1087 1393 1120 non
1407 1070 1509 1122 raro
1535 1069 1734 1132 accidit,
1763 1082 2037 1119 utomnem
2062 1066 2279 1119 omnino

741 1142 1010 1198 libertatem
1029 1146 1277 1209 amittant,
1289 1144 1411 1198 dum
1426 1149 1659 1200 nimirum
1676 1145 1819 1198 status
1835 1144 2005 1217 aliquis
2021 1144 2205 1198 vicinus
2224 1145 2277 1195 &

741 1237 919 1293 potens
935 1222 1285 1296 inquietudinis
1298 1224 1427 1278 illius
1443 1223 1697 1279 occasione
1713 1225 1877 1286 utitur,
1891 1221 1949 1276 ad
1967 1220 2278 1274 debellandas

741 1319 818 1353 eas
834 1300 881 1350 ὅ(
898 1300 1240 1376 subjugandas.

853 1380 1123 1450 §.imperia
1138 1380 1332 1435 electiva
1348 1413 1365 1437 ,
1397 1397 1478 1434 aut
1491 1381 1614 1434 certe
1643 1379 1949 1433 subditorum
1975 1396 2083 1452 erga
2098 1378 2276 1431 Princi-

740 1474 855 1527 pem
889 1455 1091 1510 affectus
1122 1474 1229 1512 tum
1249 1477 1449 1527 pereunt
1469 1503 1481 1524 ,
1511 1459 1624 1512 cum
1654 1459 1879 1530 Principis
1901 1456 2037 1509 electi
2064 1456 2276 1510 facinora

739 1552 848 1586 non
864 1534 1161 1608 respondent
1179 1555 1425 1607 conceptae
1439 1538 1663 1609 opinioni
1679 1564 1692 1602 5
1725 1534 2021 1608 deprehenso
2037 1534 2272 1588 nimirum

737 1610 988 1666 electionis
1017 1633 1168 1670 errore
1194 1635 1248 1669 ex
1275 1617 1410 1670 inani
1427 1620 1709 1669 meritorum
1723 1614 2107 1686 praesumptione
2139 1611 2274 1664 Mul-

735 1691 920 1745 tienim
937 1693 1076 1756 sunt,
1103 1695 1188 1766 qui
1217 1695 1276 1747 ad
1293 1693 1672 1768 gubernandum
1699 1693 1920 1746 videntur
1944 1689 2139 1746 idonei,
2178 1708 2272 1741 an-

736 1784 936 1842 tequam
973 1770 1034 1823 ad
1061 1772 1388 1845 gubernacula
1418 1770 1810 1831 admoveantur,
1836 1770 1904 1820 uti
1935 1769 1986 1820 in
2011 1766 2164 1822 Galba
2190 1786 2270 1823 ac-

738 1848 881 1910 cidit,
907 1849 989 1917 qui
1016 1850 1225 1903 omnium
1242 1846 1446 1920 consensu
1472 1862 1619 1923 capax
1644 1847 1830 1922 Imperii
1856 1844 2117 1900 habebatur
2139 1880 2152 1904 ,
2183 1845 2269 1919 nisi

735 1919 1005 1999 imperaffext.
1047 1925 1152 1991 Qui
1178 1925 1405 1978 electioni
1434 1944 1541 1977 non
1520 1862 1897 1994 psubscripsere‚
1928 1941 2186 1994 nunquam
2207 1925 2270 1976 ab

738 2001 896 2055 eleeto
924 2001 1030 2054 satis
1067 2003 1214 2055 securi
1241 2003 1354 2055 sunt
1370 2004 1526 2074 ‚quin
1559 2002 1717 2073 potius
1735 2020 1894 2054 metus
1919 2001 2039 2053 iste
2029 2019 2081 2051 in
2110 1999 2269 2055 caussa

739 2081 824 2147 est,
839 2097 893 2134 ut
908 2081 1237 2132 mutationem
1261 2080 1848 2165 exoptent&moliantur
1894 2080 1939 2131 Si
1956 2077 2024 2130 illi
2044 2079 2155 2129 vero
2159 2081 2271 2151 ‚qui

739 2162 822 2213 sua
838 2157 1006 2211 dedere
1023 2156 1267 2232 suffragia,
1281 2174 1477 2209 tantum
1494 2156 1577 2208 sibi
1593 2156 1650 2208 de
1668 2160 1763 2226 ejus
1777 2158 1936 2210 favore
1951 2155 2145 2208 fuerunt
2158 2154 2273 2243 pol-

740 2237 875 2293 liciti,
891 2250 946 2289 ut
961 2236 1218 2308 postquam
1234 2238 1311 2307 spe
1328 2233 1400 2286 s
1350 2254 1407 2287 ua
1422 2234 1620 2287 frustrari
1634 2235 1680 2286 se
1694 2234 1877 2290 vident,
1892 2234 2053 2287 vivant
2067 2233 2270 2306 inquieti

739 2320 790 2369 &
809 2330 1200 2386 conquerantur:
1216 2331 1373 2384 neque
1398 2313 1531 2364 enim
1547 2311 1643 2364 fieri
1659 2316 1855 2382 poterit,
1881 2329 1933 2364 ut
1964 2310 2179 2382 Princeps
2197 2311 2271 2365 sa-

740 2393 944 2449 tisfaciat
974 2392 1238 2454 omnibus3
1263 2408 1399 2444 taceo
1428 2389 1576 2462 ipsam
1603 2392 1746 2442 etiam
1776 2389 2045 2442 humanam
2074 2389 2272 2462 gratitu..

742 2475 910 2527 dinem
927 2469 1176 2542 paullatim
1192 2468 1390 2544 fatigari,
1407 2468 1528 2520 dum
1548 2467 1878 2539 amplitudinis
1893 2469 1942 2518 &
1959 2468 2164 2519 fortunae
2178 2467 2269 2519 suae

741 2552 1059 2605 instrumenta
1075 2547 1247 2600 affidue
1263 2563 1373 2600 ante
1390 2546 1564 2599 oculos
1577 2545 1745 2602 habet,
1772 2545 1947 2618 eosque
1961 2560 2196 2615 tanquam
2212 2544 2269 2597 il-

739 2631 831 2683 lius
860 2626 1112 2680 creditores
1139 2626 1381 2680 aversatur.
1424 2623 1610 2677 Subditi
1640 2623 1995 2676 mutationibus
2020 2621 2270 2676 electionis

740 2707 917 2770 assueti,
932 2703 1124 2758 easdem
1139 2719 1334 2758 amant,
1363 2702 1641 2774 semperque
1657 2701 1736 2753 fibi
1752 2700 2067 2771 persuadent
2086 2699 2267 2753 Princi-

739 2805 851 2872 pem
871 2783 1020 2838 alium
1035 2801 1224 2838 novum
1241 2782 1341 2835 fore
1356 2780 1625 2833 melior.em
1661 2779 1792 2846 Qi
1782 2799 1832 2830 in
1847 2779 2085 2832 eleetione
2101 2774 2267 2832 suffra·

739 2885 802 2937 gii
793 2861 1114 2932 jusliabent,
1134 2875 1274 2913 tanto
1290 2875 1505 2929 ternpore
1519 2857 1768 2928 suspendi,
1789 2858 1838 2908 ὃ(
1860 2855 1988 2929 quasi
2007 2855 2159 2908 emori
2176 2854 2269 2908 do-

741 2944 843 2992 lent
859 2942 886 2990 s
881 2958 995 2991 uam
1012 2937 1218 3014 eligendi
1236 2937 1535 3008 potestatem,
1547 2935 1680 2987 unde
1697 2953 1866 2988 eorum
1885 2933 2167 2986 existimatio
2183 2931 2267 2985 de-

741 3018 934 3088 pendet.
965 3016 1155 3068 Electus
1183 3013 1381 3067 efferens
1407 3013 1501 3065 sese
1528 3012 1822 3065 dominandi
1851 3011 2050 3065 libidine
2076 3009 2266 3080 Imperii

741 3095 808 3146 lui
826 3095 946 3147 fines
959 3092 1096 3145 latius
1108 3110 1364 3168 propagare
1381 3089 1666 3149 contendit,
1678 3090 1855 3144 violat
1842 3103 2123 3160 iuramenta,
2111 3104 2274 3216 ,deon-,

2154 3179 2268 3217 1110·
