2394 3768
719 323 799 364 42²
1081 304 1386 346 DIDA'CI
1446 302 1906 342 SAAVEDRAE

731 376 889 433 randae
903 373 1211 444 personarum
1229 369 1366 421 dotes
1382 383 1461 431 ‚ut
1478 386 1570 421 nec
1597 368 1729 439 supra
1756 368 2000 423 meritailli
2027 368 2116 422 sint
2132 413 2145 434 ‚
2169 386 2262 421 nec

740 454 864 508 infra
897 471 906 499 ε
933 450 1143 501 honores
1164 449 1302 498 enirn
1325 446 1604 498 discetnunt
1633 445 1928 518 dignitatum
1952 447 2122 520 gradus
2153 465 2260 499 non

745 533 876 584 secus
894 571 906 590 ,
925 546 980 579 ac
990 525 1260 578 visinterior
1277 521 1612 576 adamantium
1642 524 1844 592 pretium
1871 523 1921 573 ὃ(
1938 523 2147 576 valorem
2178 543 2261 577 va-

747 623 846 660 riat.
888 605 932 657 Si
949 621 1124 656 ornnes
1136 602 1309 654 fuerint
1324 599 1548 672 aequales,
1582 599 1747 670 peribit
1774 599 1824 651 in
1851 601 2082 652 omnibus
2109 602 2264 653 existi-

747 681 914 738 matio,
956 677 1250 752 Tyrannidis
1278 694 1431 751 genus
1461 676 1715 748 quoddam
1735 677 1796 727 est
1814 721 1826 740 ,
1853 695 1958 728 non
1985 680 2269 731 remunerari

745 761 872 814 bene
889 758 1170 813 meritos‚&
1187 754 1323 826 quod
1338 753 1409 806 vel
1438 752 1645 806 maxime
1671 753 1865 823 plebem
1892 753 2105 808 adversus
2142 757 2269 809 Prin-

752 841 909 909 cipem
927 836 1154 888 concitat.
1195 830 1349 884 Valde
1363 831 1653 902 perturbatur
1673 830 1957 901 Respublica
1972 874 1983 895 ‚
2001 831 2082 883 ubi
2109 831 2274 885 hono.

752 935 824 969 res
839 913 965 967 male
979 910 1201 982 dispertiti
1219 909 1408 962 fuerint.
1447 911 1652 979 Impares
1666 911 1835 961 merito
1853 925 2024 960 notam
2040 911 2275 980 accipien-

750 995 785 1046 ti
805 994 989 1062 pariunt
1015 1024 1030 1044 ,
1055 986 1296 1040 offensam
1324 985 1722 1057 promerentibus·
1761 990 2109 1037 Remuneratut
2132 1006 2273 1054 unus,

752 1067 1072 1122 offenduntur
1088 1065 1296 1132 plurimi.
1332 1063 1617 1136 AEqualibus
1632 1064 1864 1133 impertite
1877 1082 2068 1119 omnes,
2087 1063 2151 1114 est
2165 1083 2275 1136 ptae-

755 1147 891 1199 miari
912 1145 1182 1196 nerninem.
1220 1145 1354 1193 Cum
1383 1142 1645 1213 aequalitate
1676 1159 1781 1193 non
1810 1141 1971 1194 crescit
1995 1142 2136 1193 virtus
2156 1160 2275 1205 ,nec

753 1226 1018 1296 quicquam
1032 1221 1263 1273 eximium
1283 1217 1423 1271 audet
1439 1217 1689 1281 fortitudo,
1703 1237 1807 1290 quae
1825 1237 1925 1270 non
1944 1216 2172 1291 fingulare
2187 1218 2274 1271 ali-

750 1301 888 1374 quod
907 1301 1052 1371 sperat
1065 1298 1334 1369 praernium.
1373 1299 1532 1348 Statua
1550 1296 1633 1346 uni
1652 1300 1801 1347 ereeta
1817 1295 1995 1348 multos
2009 1293 2150 1349 efficit
2164 1296 2273 1369 glo·

750 1377 1117 1449 riosos‚quipto
1131 1373 1180 1427 ea
1194 1371 1462 1426 obtinenda
1478 1371 1790 1427 decertarunt.
1831 1378 2007 1426 Honor
2021 1374 2104 1424 uni
2134 1375 2274 1425 alicui

749 1456 977 1510 Ministro
991 1454 1115 1506 bene
1133 1452 1304 1505 merito
1317 1451 1573 1513 exliibituS,
1597 1448 1756 1502 eidem
1776 1451 1926 1504 calcat
1944 1450 2023 1515 est,
2039 1450 2275 1523 respiratio

749 1535 867 1597 aliis,
883 1531 1161 1586 obedientia
1179 1529 1383 1600 Populo.

858 1617 912 1670 5.
945 1608 1154 1662 Tametsi
1171 1606 1281 1660 vero
1298 1605 1428 1659 nulla
1440 1623 1507 1658 res
1537 1603 1688 1680 magis
1702 1605 1885 1670 firmet,
1912 1622 2053 1678 atque
2079 1603 2274 1658 illustret

750 1690 1018 1759 Principem
1039 1728 1052 1747 ,
1089 1705 1142 1738 ac
1160 1684 1408 1737 honorum
1443 1684 1653 1758 largitio,
1691 1683 1961 1737 cavendum
1987 1700 2149 1735 tamen
2166 1680 2274 1734 dili·

749 1783 912 1843 genter
933 1783 1018 1829 ,ne
1032 1782 1114 1814 eos
1133 1765 1181 1812 in
1210 1762 1491 1832 quempiam
1508 1760 1720 1813 conferat
1737 1804 1749 1823 ,
1790 1761 1872 1832 qui
1890 1759 2110 1834 dignitati
2134 1757 2271 1829 ipsius

750 1846 863 1896 sunt
879 1842 1047 1911 proprii
1063 1877 1075 1903 ,
1090 1838 1301 1909 eumque
1315 1837 1590 1888 discernunt
1605 1836 1665 1888 ab
1679 1835 1802 1889 aliis:
1828 1837 1892 1889 illi
1908 1838 2041 1889 enim
2056 1836 2268 1888 flamm-”e

751 1919 957 1974 minime
983 1916 1153 1968 sim-iles
1177 1916 1289 1966 sunt
1307 1957 1318 1978 ,
1347 1932 1451 1986 quae
1468 1912 1582 1966 cum
1598 1915 1646 1964 in
1664 1914 1803 1967 aliam
1819 1913 1978 1967 transit
2007 1915 2273 1981 materiam,

753 2000 804 2050 in
823 1995 901 2048 sua
916 2014 1076 2046 tamen
1095 1996 1274 2066 integra
1290 2008 1550 2061 permanet,
1566 1991 1683 2062 quin
1700 2010 1874 2044 omnes
1887 1993 1934 2048 ii,
1952 2009 2075 2063 quos
2089 1992 2138 2042 in
2157 1990 2275 2045 alios

754 2073 1036 2133 contulerit,
1074 2071 1126 2121 in
1155 2070 1255 2138 ipso
1285 2070 1435 2120 lucere
1454 2067 1697 2132 desinent,
1737 2071 1786 2119 δε
1810 2070 2031 2122 manebit
2059 2068 2276 2136 Majestas

750 2151 950 2204 obscura
969 2194 980 2212 ,
1020 2166 1110 2199 nec
1142 2146 1400 2218 quisquam
1429 2146 1626 2196 eosdem
1668 2146 1863 2213 posthac
1891 2145 2089 2215 sperabit
2116 2145 2200 2198 nisi
2215 2148 2276 2200 ab

747 2247 836 2283 eo,
877 2244 1026 2299 quem
1052 2227 1102 2275 in
1134 2221 1372 2293 ejusmodi
1398 2221 1664 2274 honoribus
1726 2223 2045 2276 constitutum
2081 2222 2273 2278 viderit.

748 2306 903 2357 Etiam
922 2306 971 2355 in
993 2300 1119 2353 Livia
1137 2318 1282 2352 matre
1313 2300 1390 2351 sua
1418 2300 1663 2352 admittere
1699 2301 1857 2352 noluit
1892 2302 2104 2354 Tiberius
2133 2319 2270 2371 pecu·

498 2380 706 2467 ssffgsfihb
750 2382 876 2435 liaria
904 2380 1150 2433 honorum
1178 2377 1307 2451 signa
1340 2421 1352 2439 ‚
1395 2396 1498 2447 quae
1518 2380 1715 2429 Senatus
1742 2381 1780 2431 ei
1813 2379 2025 2449 parabat:
2073 2379 2274 2432 Anxius

611 2456 619 2463 ¹
750 2462 873 2514 enim
885 2454 1074 2512 invidia*
1089 2492 1103 2513 ‚
1119 2459 1185 2515 &⁵
1202 2452 1415 2508 muliebre
1414 2454 1653 2528 fastigium
1677 2457 1724 2507 in
1740 2455 2097 2510 diminutionem
2106 2456 2175 2528 sui
2197 2476 2271 2509 ac·

754 2540 949 2610 eisdem,
992 2532 1255 2588 neltlborem
1269 2531 1506 2607 quidemez'
1519 2531 1699 2586 decerni
1701 2529 1937 2610 paffusest.
1969 2537 1993 2560 s
2029 2536 2171 2585 uin&
2190 2552 2277 2586 cae-

754 2615 983 2668 temoniae
999 2657 1010 2677 ,
1026 2631 1142 2685 quas
1155 2611 1288 2664 casus
1303 2609 1561 2661 introduxit
1577 2655 1588 2672 ,
1609 2627 1689 2662 aut
1709 2611 1945 2667 adulatio,
1962 2614 2009 2661 &
2025 2619 2121 2681 jam
2153 2615 2275 2663 Prin-

504 2735 520 2758 ,ι
539 2740 611 2768 Tum
631 2731 696 2767 ver-i,
756 2694 871 2764 cipis
885 2693 996 2745 sunt
1011 2708 1228 2761 propriae,
1271 2707 1385 2740 cum
1415 2687 1515 2738 aliis
1531 2706 1821 2740 communes
1835 2689 1922 2739 esle
1947 2709 2051 2741 non
2080 2689 2274 2741 debent:

505 2782 688 2855 “isuariadv-
756 2770 837 2823 etfi
865 2772 998 2824 enim
1039 2769 1271 2820 inanes&
1294 2783 1425 2817 vanae
1454 2763 1544 2815 sint
1564 2810 1575 2828 ‚
1611 2768 1903 2817 venerationi
1935 2785 2095 2818 tamen
2125 2768 2275 2834 Maje-

508 2834 640 2872 '‘¹⁶⁰³“
670 2835 720 2863 δ”
757 2848 882 2899 statis
913 2847 1086 2898 limites
1114 2843 1384 2897 definiunt.
1422 2842 1681 2916 AEgerrime
1709 2843 1812 2893 tulit
1844 2844 2059 2896 Tiberius
2088 2844 2276 2895 easdem

506 2881 587 2912 neth
598 2879 725 2922 suaejm-

496 2930 701 3010 pdzfflterin·
758 2943 844 2996 pro
865 2925 1115 2974 Nerone&
1149 2922 1306 2974 Druso
1325 2938 1480 2989 preces
1506 2921 1717 2988 publicas
1743 2921 1791 2969 ὅ(
1819 2920 2187 2990 supplicationes
2202 2919 2276 2970 fie-

506 3020 725 3064 Tacit.ub.4.
757 3005 821 3065 ri,
860 3021 963 3073 quae
979 3018 1062 3069 pro
1079 2999 1179 3070 ipso
1194 3002 1326 3052 faetae
1354 2998 1566 3053 fuerant.
1611 2996 1790 3048 tametsi
1825 2996 1904 3049 filii
1935 2999 2070 3068 ipsius
2099 2997 2276 3060 essent,

511 3072 713 3156 ssffiatf'ibid·
755 3081 874 3133 &in
903 3077 1148 3148 Imperiod
1182 3072 1485 3130 SuccessoreS.
1523 3075 1576 3129 V
1569 3076 1738 3148 anefict
1761 3077 2035 3151 Principum
2058 3073 2217 3128 honor,
2244 3071 2281 3142 [ἰ

2178 3164 2278 3226 pYO‘
