2394 3768
493 322 890 364 SYMBOLA
949 322 1396 365 PoLm‘icA.
1632 338 1709 379 509

190 390 437 453 nimirum,
453 408 656 463 utroque
673 391 757 443 illo
777 393 1047 444 universum
1066 392 1160 444 hoc
1169 393 1439 466 gubernari,
1454 391 1714 448 alludendo

187 467 245 519 ad
262 467 396 518 illam
419 468 601 540 Virgilii
630 469 846 521 fabulam
863 468 920 520 dc
938 469 1088 520 AEnea
1103 505 1117 525 ,
1149 473 1229 541 qui
1246 471 1487 542 utriusque
1503 473 1712 526 admini-

187 543 300 596 culo
317 543 374 594 ad
393 544 641 596 Infernum
661 546 1105 616 usquepenetravi't,
1135 547 1324 618 eiusque
1339 548 1551 600 monstra
1563 569 1615 602 ac
1631 551 1705 603 fu·

181 622 267 672 rias
287 619 495 672 domuit.
519 624 634 672 Non
656 622 828 674 sauciat
843 621 1044 694 gladiuS,
1066 625 1195 691 cujus
1210 627 1330 676 acies
1345 642 1477 676 aurea
1492 645 1594 678 non
1615 628 1696 683 est,

181 716 272 749 nec
291 695 462 750 sufficit
491 699 639 750 animi
654 698 891 750 fortitudo
909 698 1084 772 absque
1101 699 1347 770 prudenti&
1362 703 1670 758 oeconomica
1685 749 1697 767 ‚

183 793 338 844 neque
351 777 711 827 armamentaria
731 775 826 827 sine
841 777 998 828 aerariis
1015 822 1027 840 ‚
1044 776 1258 848 adeoque
1277 777 1458 829 bellum
1475 778 1699 833 decerne-

178 870 223 903 re
241 853 456 922 Princeps
472 851 591 922 prius
608 872 711 904 rion
730 851 870 904 debet
888 897 899 916 ,
926 852 1075 925 quam
1103 873 1216 906 curn
1235 856 1402 906 animo
1421 855 1506 906 suo
1524 874 1694 926 expen-

175 928 306 992 derit,
324 948 444 980 num
460 928 740 982 sufficientes
759 929 817 981 ad
836 930 882 981 id
899 933 1068 982 vires&
1086 931 1242 984 media
1257 932 1521 1002 suppetant.
1554 936 1602 985 Ei
1619 936 1679 987 rei

173 1005 404 1076 proderit,
433 1006 463 1057 fi
481 1009 641 1060 AErarii
671 1007 912 1058 Praefetftus
941 1009 1037 1060 una
1059 1010 1238 1062 etiam&
1258 1009 1465 1063 consiliis
1493 1008 1545 1061 fit
1566 1012 1696 1064 Prin-

175 1084 264 1153 cipi
280 1110 292 1145 3
308 1101 358 1134 ut
372 1086 422 1135 in
440 1084 795 1136 consultatione
813 1087 973 1136 referre
988 1086 1138 1155 pollit,
1162 1089 1242 1159 qui
1261 1106 1313 1140 ac
1330 1090 1497 1159 quanti
1515 1087 1604 1140 fint
1621 1107 1693 1140 re-

172 1163 297 1213 ditus
312 1164 442 1235 Regii
463 1206 474 1226 ,
502 1181 663 1235 quaeve
679 1162 837 1214 media
854 1162 911 1213 ad
928 1182 1055 1214 arma
1073 1163 1345 1233 capellenda
1362 1166 1454 1217 sese
1469 1164 1688 1218 offerant.

170 1242 324 1291 Cauta
349 1241 620 1291 admodum
649 1242 699 1290 ὃ(
725 1240 1063 1310 ε1ῐει11ηΐρεξὶει
1089 1241 1176 1293 esse
1201 1241 1341 1293 debet
1370 1244 1583 1312 potentia
1603 1282 1615 1305 ,
1639 1245 1689 1294 &

169 1316 458 1369 considerare
473 1317 746 1391 diligenter,
778 1316 895 1388 quid
914 1318 1137 1369 moliatur
1153 1362 1164 1381 ‚
1196 1336 1275 1372 aut
1292 1336 1411 1393 agat.
1446 1319 1601 1385 Quod
1630 1322 1683 1372 in

167 1395 327 1446 fronte
349 1395 558 1465 praestant
585 1395 743 1458 oculi,
769 1395 816 1444 id
834 1395 883 1445 in
903 1396 1071 1448 animo
1097 1396 1346 1465 prudentia
1373 1399 1680 1451 oeconomica

169 1469 310 1524 efficit
344 1494 353 1520 :
379 1473 410 1523 si
425 1473 521 1525 liaec
540 1475 715 1546 Regnis
732 1516 743 1536 ,
770 1474 819 1522 &
838 1472 1202 1543 Rebuspublici's
1219 1473 1348 1530 defit,
1366 1494 1497 1527 coeca
1513 1492 1650 1526 erunt
1672 1519 1686 1539 ‚

165 1549 381 1622 adeoque
409 1549 525 1603 sicut
540 1550 863 1621 Polyphemus
880 1595 891 1614 ‚
908 1548 1074 1602 amiffo
1105 1550 1248 1602 semel
1267 1570 1343 1623 per
1360 1552 1529 1623 Vlyffis
1555 1552 1682 1605 astu-

162 1627 278 1678 tiam
298 1628 445 1678 unico
463 1628 547 1679 suo
560 1629 729 1680 frontis
743 1626 960 1690 oculo‚in
974 1646 1155 1680 vanum
1171 1630 1272 1680 saxa
1284 1629 1499 1699 jaciebat,
1517 1646 1568 1681 ut
1581 1629 1675 1681 sese

161 1704 483 1757 ulcisceretur:
511 1706 573 1756 ita
589 1704 666 1756 illa
682 1722 879 1775 quoque
894 1703 1078 1757 divitias
1095 1706 1196 1756 suas
1215 1707 1264 1755 ὃς
1279 1706 1518 1758 thesauros
1532 1706 1678 1757 inuti-

159 1780 262 1833 liter
276 1781 545 1854 prodigent.
589 1783 666 1831 Sat
683 1781 866 1831 multos
884 1779 971 1831 hac
997 1781 1154 1832 nostra
1169 1797 1300 1832 aetate
1315 1783 1537 1835 consumi
1555 1782 1678 1836 vidi-

159 1876 268 1910 mus
286 1856 462 1929 absque
473 1859 628 1910 fructu
645 1857 843 1908 exinani
869 1855 1034 1928 aliquo
1052 1873 1185 1908 metu
1199 1858 1249 1908 in
1267 1856 1575 1909 distrahendis
1590 1859 1679 1910 lio-

156 1935 299 1988 stium
314 1933 539 1991 consiliis,
559 1935 607 1987 in
628 1934 905 1986 exercitibus
922 1932 1082 1985 frustra
1098 1934 1456 1987 conscribendis
1473 1979 1485 1998 ‚
1505 1938 1552 1986 in
1571 1935 1673 1987 sus-

157 2013 386 2083 cipiendis
401 2012 534 2064 bellis
551 2057 562 2075 ,
588 2031 691 2083 quae
706 2028 783 2062 aut
801 2010 952 2063 amica
965 2011 1319 2081 compositione
1333 2052 1346 2075 ,
1372 2029 1452 2064 aut
1467 2012 1682 2064 dissimu-

159 2091 338 2143 latione
355 2090 609 2159 potuissent
626 2090 810 2143 evitari,
844 2091 893 2140 in
912 2087 1123 2139 subsidiis
1137 2090 1414 2159 pecuniariis
1432 2089 1557 2140 male
1578 2091 1685 2142 col-

161 2168 328 2221 locatis
346 2212 357 2230 ,
372 2168 421 2216 δε
439 2167 536 2217 aliis
551 2165 802 2217 inutilibus
817 2165 1085 2235 sumptibus
1101 2208 1112 2226 ,
1143 2167 1317 2236 quibus
1335 2166 1567 2236 Principes
1583 2185 1677 2236 po·

156 2246 380 2298 tentiores
399 2243 443 2294 se
456 2244 555 2294 fOie
571 2242 916 2303 autumabant,
927 2244 972 2292 δε
995 2259 1162 2294 contra
1177 2243 1361 2295 accidit
1382 2243 1677 2295 Ostentatio-

158 2342 242 2396 nes
272 2318 776 2391 comminationelque
820 2319 913 2372 auri
941 2321 1268 2389 intempestive
1305 2322 1353 2371 &
1385 2319 1670 2390 impruden-

159 2418 226 2454 ter
254 2397 429 2470 profusi
462 2397 612 2468 seipfis
642 2395 962 2460 evanescunt,
993 2415 1149 2468 neque
1176 2397 1368 2468 poffunt
1393 2398 1666 2467 posteriores

153 2475 384 2549 prioribus
401 2478 487 2527 esse
505 2494 658 2545 pares,
683 2473 742 2525 eo
757 2473 889 2545 quod
905 2493 1000 2526 una
1015 2474 1158 2526 aliam
1174 2490 1378 2527 enervet.
1407 2474 1538 2525 Vires
1553 2474 1668 2527 faci-

154 2555 199 2609 le
225 2553 564 2614 instaurantur
599 2552 825 2605 atdivitiae
853 2550 1027 2602 semel
1015 2568 1217 2605 inaniter
1232 2551 1389 2605 effusae
1413 2551 1666 2622 recuperari

153 2648 422 2705 nequeunt.
455 2633 539 2683 His
555 2634 621 2683 uti
638 2648 741 2682 non
762 2644 985 2715 oportet,
1009 2627 1094 2678 nisi
1111 2630 1193 2681 ubi
1210 2629 1446 2682 necessitas
1460 2627 1668 2699 postula-

151 2713 282 2766 verit.
311 2708 683 2761 Occurrentibus
708 2708 869 2777 primis
890 2704 1113 2759 monstris
1130 2725 1235 2760 non
1261 2725 1457 2760 aureum
1474 2724 1665 2760 tarnum

151 2790 326 2842 AEneas
342 2785 536 2871 objecit,
551 2786 573 2836 s
571 2785 628 2837 ed
646 2783 879 2857 cladium.
1661 2804 1667 2809 ·

290 2865 485 2938 Corripit
498 2861 572 2916 hic
579 2859 730 2928 subita}
743 2860 942 2936 trepidus
940 2860 1189 2934 formidine
1187 2862 1394 2935 ferrum
1689 2880 1805 2928 vii-gii*

290 2944 477 2996 AEneas
485 2937 804 3014 ‚stric‘lquue
818 2958 960 2991 acrem
972 2939 1274 2994 venientibubs
1290 2937 1431 3017 offer.t

147 3024 210 3075 At
236 3019 490 3092 postquam
521 3016 637 3070 vidit
654 3036 743 3068 nec
755 3016 997 3087 precibuS‚
1013 3037 1102 3071 nec
1119 3021 1340 3102 pactione
1356 3017 1664 3070 Charontem

148 3097 330 3155 moveri
359 3093 517 3168 posse,
545 3110 596 3146 ut
612 3094 730 3147 sese
720 3113 769 3146 in
796 3092 1065 3165 oppofitam
1082 3096 1211 3151 fluvii
1232 3114 1382 3169 ripam
1409 3098 1662 3167 trajiceret,

909 3174 952 3224 V
981 3192 1012 3224 u
1057 3193 1075 3232 3
1485 3191 1681 3226 aureum
