<?xml version="1.0" encoding="UTF-8"?>
<!DOCTYPE html PUBLIC "-//W3C//DTD XHTML 1.0 Transitional//EN"
    "http://www.w3.org/TR/xhtml1/DTD/xhtml1-transitional.dtd">
<html xmlns="http://www.w3.org/1999/xhtml" xml:lang="en" lang="en">
 <head>
  <title>
</title>
<meta http-equiv="Content-Type" content="text/html;charset=utf-8" />
  <meta name='ocr-system' content='tesseract 3.04.00' />
  <meta name='ocr-capabilities' content='ocr_page ocr_carea ocr_par ocr_line ocrx_word'/>
</head>
<body>
  <div class='ocr_page' id='page_1' title='image "./ideaprincipischr00saav_0718.png"; bbox 0 0 2394 3768; ppageno 0'>
   <div class='ocr_carea' id='block_1_1' title="bbox 712 347 1889 410">
    <p class='ocr_par' dir='ltr' id='par_1_1' title="bbox 712 347 1889 410">
     <span class='ocr_line' id='line_1_1' title="bbox 712 347 1889 410; baseline -0.003 -17"><span class='ocrx_word' id='word_1_1' title='bbox 712 357 794 410; x_wconf 76' lang='lat'>690</span> <span class='ocrx_word' id='word_1_2' title='bbox 1062 347 1889 395; x_wconf 70' lang='lat' dir='ltr'>DtDAcstAvEDRAE</span> 
     </span>
    </p>
   </div>
   <div class='ocr_carea' id='block_1_2' title="bbox 919 477 2040 541">
    <p class='ocr_par' dir='ltr' id='par_1_2' title="bbox 919 428 2144 541">
     <span class='ocr_line' id='line_1_2' title="bbox 919 477 2040 541; baseline 0.001 -2"><span class='ocrx_word' id='word_1_3' title='bbox 919 477 1603 541; x_wconf 67' lang='lat' dir='ltr'>sYMssorvM</span> <span class='ocrx_word' id='word_1_4' title='bbox 1691 477 2040 540; x_wconf 86' lang='lat' dir='ltr'>xcv111.</span> 
     </span>
    </p>
   </div>
   <div class='ocr_carea' id='block_1_3' title="bbox 1179 963 1695 965">
    <p class='ocr_par' dir='ltr' id='par_1_3' title="bbox 1179 963 1695 965">
     <span class='ocr_line' id='line_1_3' title="bbox 1179 963 1695 965; baseline 0 0"><span class='ocrx_word' id='word_1_5' title='bbox 1179 963 1695 965; x_wconf 95' lang='lat' dir='ltr'> </span> 
     </span>
    </p>
   </div>
   <div class='ocr_carea' id='block_1_4' title="bbox 717 633 2136 2370">
    <p class='ocr_par' dir='ltr' id='par_1_4' title="bbox 717 633 2136 2370">
     <span class='ocr_line' id='line_1_4' title="bbox 717 633 2136 2370; baseline 0 0"><span class='ocrx_word' id='word_1_6' title='bbox 717 633 2136 2370; x_wconf 95' lang='lat' dir='ltr'> </span> 
     </span>
    </p>
   </div>
   <div class='ocr_carea' id='block_1_5' title="bbox 667 2429 2202 2567">
    <p class='ocr_par' dir='ltr' id='par_1_5' title="bbox 667 2429 2202 2567">
     <span class='ocr_line' id='line_1_5' title="bbox 667 2429 2202 2567; baseline -0.002 -81"><span class='ocrx_word' id='word_1_7' title='bbox 667 2430 809 2567; x_wconf 78' lang='lat' dir='ltr'>M</span> <span class='ocrx_word' id='word_1_8' title='bbox 834 2452 865 2485; x_wconf 88' lang='lat' dir='ltr'>v</span> <span class='ocrx_word' id='word_1_9' title='bbox 882 2451 912 2486; x_wconf 81' lang='lat' dir='ltr'>L</span> <span class='ocrx_word' id='word_1_10' title='bbox 932 2450 969 2484; x_wconf 79' lang='lat' dir='ltr'>’r</span> <span class='ocrx_word' id='word_1_11' title='bbox 985 2452 1002 2485; x_wconf 88' lang='lat'>1</span> <span class='ocrx_word' id='word_1_12' title='bbox 1024 2452 1045 2485; x_wconf 88' lang='lat' dir='ltr'>s</span> <span class='ocrx_word' id='word_1_13' title='bbox 1081 2434 1132 2485; x_wconf 88' lang='lat' dir='ltr'>in</span> <span class='ocrx_word' id='word_1_14' title='bbox 1150 2431 1289 2484; x_wconf 85' lang='lat' dir='ltr'>rebus</span> <span class='ocrx_word' id='word_1_15' title='bbox 1309 2429 1494 2484; x_wconf 85' lang='lat' dir='ltr'>bellum</span> <span class='ocrx_word' id='word_1_16' title='bbox 1509 2431 1611 2506; x_wconf 80' lang='lat' dir='ltr'>igni</span> <span class='ocrx_word' id='word_1_17' title='bbox 1627 2431 1691 2482; x_wconf 82' lang='lat' dir='ltr'>est</span> <span class='ocrx_word' id='word_1_18' title='bbox 1705 2429 1856 2483; x_wconf 84' lang='lat' dir='ltr'>fimile</span> <span class='ocrx_word' id='word_1_19' title='bbox 1870 2474 1882 2494; x_wconf 90' lang='lat'><strong>,</strong></span> <span class='ocrx_word' id='word_1_20' title='bbox 1899 2449 2006 2483; x_wconf 92' lang='lat' dir='ltr'>non</span> <span class='ocrx_word' id='word_1_21' title='bbox 2022 2429 2202 2500; x_wconf 74' lang='lat' dir='ltr'>solum,</span> 
     </span>
    </p>
   </div>
   <div class='ocr_carea' id='block_1_6' title="bbox 666 2507 2203 3204">
    <p class='ocr_par' dir='ltr' id='par_1_6' title="bbox 666 2507 2203 3204">
     <span class='ocr_line' id='line_1_6' title="bbox 828 2507 2203 2584; baseline -0.001 -20"><span class='ocrx_word' id='word_1_22' title='bbox 828 2514 939 2584; x_wconf 85' lang='lat' dir='ltr'>quia</span> <span class='ocrx_word' id='word_1_23' title='bbox 953 2528 1119 2564; x_wconf 75' lang='lat' dir='ltr'>natura</span> <span class='ocrx_word' id='word_1_24' title='bbox 1133 2512 1230 2582; x_wconf 84' lang='lat' dir='ltr'>ejus</span> <span class='ocrx_word' id='word_1_25' title='bbox 1245 2509 1309 2562; x_wconf 90' lang='lat' dir='ltr'>est</span> <span class='ocrx_word' id='word_1_26' title='bbox 1326 2509 1556 2562; x_wconf 87' lang='lat' dir='ltr'>destruere</span> <span class='ocrx_word' id='word_1_27' title='bbox 1573 2555 1586 2574; x_wconf 91' lang='lat'>,</span> <span class='ocrx_word' id='word_1_28' title='bbox 1598 2507 1763 2563; x_wconf 82' lang='lat' dir='ltr'>verum</span> <span class='ocrx_word' id='word_1_29' title='bbox 1781 2509 1925 2561; x_wconf 86' lang='lat' dir='ltr'>etiam</span> <span class='ocrx_word' id='word_1_30' title='bbox 1944 2555 1956 2574; x_wconf 93' lang='lat'>,</span> <span class='ocrx_word' id='word_1_31' title='bbox 1971 2513 2081 2582; x_wconf 85' lang='lat' dir='ltr'>quia</span> <span class='ocrx_word' id='word_1_32' title='bbox 2096 2534 2203 2567; x_wconf 81' lang='lat' dir='ltr'>ma.</span> 
     </span>
     <span class='ocr_line' id='line_1_7' title="bbox 669 2586 2197 2662; baseline 0.003 -20"><span class='ocrx_word' id='word_1_33' title='bbox 669 2592 778 2644; x_wconf 82' lang='lat' dir='ltr'>terie</span> <span class='ocrx_word' id='word_1_34' title='bbox 796 2590 981 2646; x_wconf 52' lang='lat' dir='ltr'>endem,</span> <span class='ocrx_word' id='word_1_35' title='bbox 1000 2588 1095 2662; x_wconf 61' lang='lat' dir='ltr'>quai</span> <span class='ocrx_word' id='word_1_36' title='bbox 1113 2589 1316 2641; x_wconf 85' lang='lat' dir='ltr'>nutritur</span> <span class='ocrx_word' id='word_1_37' title='bbox 1333 2631 1345 2652; x_wconf 86' lang='lat'><strong>,</strong></span> <span class='ocrx_word' id='word_1_38' title='bbox 1363 2586 1394 2638; x_wconf 84' lang='lat' dir='ltr'>fi</span> <span class='ocrx_word' id='word_1_39' title='bbox 1412 2587 1559 2639; x_wconf 79' lang='lat' dir='ltr'>nimia</span> <span class='ocrx_word' id='word_1_40' title='bbox 1579 2605 1631 2638; x_wconf 83' lang='lat' dir='ltr'>ea</span> <span class='ocrx_word' id='word_1_41' title='bbox 1646 2586 1718 2642; x_wconf 85' lang='lat' dir='ltr'>fir,</span> <span class='ocrx_word' id='word_1_42' title='bbox 1735 2588 1943 2658; x_wconf 86' lang='lat' dir='ltr'>opprimi</span> <span class='ocrx_word' id='word_1_43' title='bbox 1959 2589 2076 2645; x_wconf 85' lang='lat' dir='ltr'>solet</span> <span class='ocrx_word' id='word_1_44' title='bbox 2093 2637 2105 2656; x_wconf 93' lang='lat'>‚</span> <span class='ocrx_word' id='word_1_45' title='bbox 2143 2595 2197 2646; x_wconf 79' lang='grc' dir='ltr'>δε</span> 
     </span>
     <span class='ocr_line' id='line_1_8' title="bbox 668 2663 2196 2744; baseline 0.003 -23"><span class='ocrx_word' id='word_1_46' title='bbox 668 2671 897 2744; x_wconf 76' lang='lat' dir='ltr'><strong>extingui.</strong></span> <span class='ocrx_word' id='word_1_47' title='bbox 938 2669 1126 2721; x_wconf 81' lang='lat' dir='ltr'>Bellum</span> <span class='ocrx_word' id='word_1_48' title='bbox 1142 2685 1272 2720; x_wconf 84' lang='lat' dir='ltr'>arma</span> <span class='ocrx_word' id='word_1_49' title='bbox 1289 2666 1583 2729; x_wconf 78' lang='lat' dir='ltr'>sustentant,</span> <span class='ocrx_word' id='word_1_50' title='bbox 1619 2665 1698 2716; x_wconf 90' lang='lat' dir='ltr'>sed</span> <span class='ocrx_word' id='word_1_51' title='bbox 1717 2663 1747 2717; x_wconf 82' lang='lat' dir='ltr'>fi</span> <span class='ocrx_word' id='word_1_52' title='bbox 1767 2665 1997 2735; x_wconf 79' lang='lat' dir='ltr'>superiora</span> <span class='ocrx_word' id='word_1_53' title='bbox 2011 2689 2062 2723; x_wconf 79' lang='lat' dir='ltr'>ea</span> <span class='ocrx_word' id='word_1_54' title='bbox 2076 2671 2167 2726; x_wconf 84' lang='lat' dir='ltr'>fint</span> <span class='ocrx_word' id='word_1_55' title='bbox 2181 2720 2196 2741; x_wconf 84' lang='lat'>‚</span> 
     </span>
     <span class='ocr_line' id='line_1_9' title="bbox 667 2742 2198 2819; baseline 0.001 -21"><span class='ocrx_word' id='word_1_56' title='bbox 667 2747 966 2819; x_wconf 78' lang='lat' dir='ltr'>restinguunt</span> <span class='ocrx_word' id='word_1_57' title='bbox 995 2746 1114 2797; x_wconf 87' lang='lat' dir='ltr'>illud</span> <span class='ocrx_word' id='word_1_58' title='bbox 1131 2791 1143 2810; x_wconf 84' lang='lat'>‚</span> <span class='ocrx_word' id='word_1_59' title='bbox 1170 2760 1251 2797; x_wconf 81' lang='lat' dir='ltr'>aut</span> <span class='ocrx_word' id='word_1_60' title='bbox 1269 2742 1391 2797; x_wconf 71' lang='lat' dir='ltr'>certe</span> <span class='ocrx_word' id='word_1_61' title='bbox 1410 2743 1459 2794; x_wconf 91' lang='lat' dir='ltr'>in</span> <span class='ocrx_word' id='word_1_62' title='bbox 1478 2761 1646 2812; x_wconf 84' lang='lat' dir='ltr'>pacem</span> <span class='ocrx_word' id='word_1_63' title='bbox 1662 2759 1991 2799; x_wconf 82' lang='lat' dir='ltr'>commutant.</span> <span class='ocrx_word' id='word_1_64' title='bbox 2029 2747 2198 2817; x_wconf 79' lang='lat' dir='ltr'>Qare</span> 
     </span>
     <span class='ocr_line' id='line_1_10' title="bbox 667 2819 2197 2897; baseline 0.005 -21"><span class='ocrx_word' id='word_1_65' title='bbox 667 2828 748 2897; x_wconf 86' lang='lat' dir='ltr'>qui</span> <span class='ocrx_word' id='word_1_66' title='bbox 765 2824 891 2876; x_wconf 81' lang='lat' dir='ltr'>hanc</span> <span class='ocrx_word' id='word_1_67' title='bbox 904 2822 1121 2877; x_wconf 81' lang='lat' dir='ltr'>obtinere</span> <span class='ocrx_word' id='word_1_68' title='bbox 1138 2821 1339 2876; x_wconf 80' lang='lat' dir='ltr'>voluerit</span> <span class='ocrx_word' id='word_1_69' title='bbox 1357 2867 1370 2884; x_wconf 89' lang='lat'>‚</span> <span class='ocrx_word' id='word_1_70' title='bbox 1402 2819 1598 2872; x_wconf 84' lang='lat' dir='ltr'>illorum</span> <span class='ocrx_word' id='word_1_71' title='bbox 1614 2821 1681 2871; x_wconf 84' lang='lat' dir='ltr'>uti</span> <span class='ocrx_word' id='word_1_72' title='bbox 1698 2820 1840 2872; x_wconf 89' lang='lat' dir='ltr'>debet</span> <span class='ocrx_word' id='word_1_73' title='bbox 1854 2821 2022 2878; x_wconf 86' lang='lat' dir='ltr'>robore</span> <span class='ocrx_word' id='word_1_74' title='bbox 2039 2849 2049 2878; x_wconf 82' lang='lat' dir='ltr'><strong><em>z</em></strong></span> <span class='ocrx_word' id='word_1_75' title='bbox 2065 2829 2197 2885; x_wconf 81' lang='lat' dir='ltr'>nulla</span> 
     </span>
     <span class='ocr_line' id='line_1_11' title="bbox 666 2897 2193 2976; baseline 0.006 -24"><span class='ocrx_word' id='word_1_76' title='bbox 666 2904 798 2953; x_wconf 83' lang='lat' dir='ltr'>enim</span> <span class='ocrx_word' id='word_1_77' title='bbox 817 2921 902 2971; x_wconf 81' lang='lat' dir='ltr'>pax</span> <span class='ocrx_word' id='word_1_78' title='bbox 917 2900 1109 2957; x_wconf 85' lang='lat' dir='ltr'>decens,</span> <span class='ocrx_word' id='word_1_79' title='bbox 1125 2916 1205 2952; x_wconf 82' lang='lat' dir='ltr'>aut</span> <span class='ocrx_word' id='word_1_80' title='bbox 1224 2899 1368 2951; x_wconf 89' lang='lat' dir='ltr'>bonis</span> <span class='ocrx_word' id='word_1_81' title='bbox 1383 2916 1498 2950; x_wconf 89' lang='lat' dir='ltr'>cum</span> <span class='ocrx_word' id='word_1_82' title='bbox 1514 2897 1884 2950; x_wconf 86' lang='lat' dir='ltr'>conditionibus</span> <span class='ocrx_word' id='word_1_83' title='bbox 1903 2899 1998 2955; x_wconf 85' lang='lat' dir='ltr'>fieri</span> <span class='ocrx_word' id='word_1_84' title='bbox 2012 2909 2163 2976; x_wconf 86' lang='lat' dir='ltr'>potest</span> <span class='ocrx_word' id='word_1_85' title='bbox 2179 2953 2193 2974; x_wconf 89' lang='lat'><strong>,</strong></span> 
     </span>
     <span class='ocr_line' id='line_1_12' title="bbox 667 2974 2192 3048; baseline 0 -17"><span class='ocrx_word' id='word_1_86' title='bbox 667 2979 754 3031; x_wconf 75' lang='lat' dir='ltr'>nisi</span> <span class='ocrx_word' id='word_1_87' title='bbox 794 2977 1115 3032; x_wconf 81' lang='lat' dir='ltr'>concludatur</span> <span class='ocrx_word' id='word_1_88' title='bbox 1146 2975 1455 3048; x_wconf 80' lang='lat' dir='ltr'>firmeturque</span> <span class='ocrx_word' id='word_1_89' title='bbox 1482 2974 1570 3027; x_wconf 90' lang='lat' dir='ltr'>sub</span> <span class='ocrx_word' id='word_1_90' title='bbox 1599 2975 1791 3048; x_wconf 82' lang='lat' dir='ltr'>clypeo,</span> <span class='ocrx_word' id='word_1_91' title='bbox 1829 2975 1987 3035; x_wconf 87' lang='lat' dir='ltr'>Isthoc</span> <span class='ocrx_word' id='word_1_92' title='bbox 2015 2988 2192 3039; x_wconf 78' lang='lat' dir='ltr'>muniri</span> 
     </span>
     <span class='ocr_line' id='line_1_13' title="bbox 668 3054 2190 3133; baseline -0.002 -26"><span class='ocrx_word' id='word_1_93' title='bbox 668 3071 856 3126; x_wconf 83' lang='lat' dir='ltr'>oportet</span> <span class='ocrx_word' id='word_1_94' title='bbox 886 3054 1134 3107; x_wconf 82' lang='lat' dir='ltr'>brachium</span> <span class='ocrx_word' id='word_1_95' title='bbox 1151 3097 1162 3118; x_wconf 87' lang='lat'>,</span> <span class='ocrx_word' id='word_1_96' title='bbox 1189 3054 1324 3124; x_wconf 87' lang='lat' dir='ltr'>quod</span> <span class='ocrx_word' id='word_1_97' title='bbox 1356 3071 1564 3106; x_wconf 81' lang='lat' dir='ltr'>manum</span> <span class='ocrx_word' id='word_1_98' title='bbox 1603 3054 1851 3122; x_wconf 80' lang='lat' dir='ltr'>porrexerit</span> <span class='ocrx_word' id='word_1_99' title='bbox 1884 3059 1972 3125; x_wconf 89' lang='lat' dir='ltr'>(ut</span> <span class='ocrx_word' id='word_1_100' title='bbox 1991 3062 2005 3113; x_wconf 75' lang='lat'>1·</span> <span class='ocrx_word' id='word_1_101' title='bbox 2011 3081 2041 3113; x_wconf 81' lang='grc' dir='ltr'><strong><em>η</em></strong></span> <span class='ocrx_word' id='word_1_102' title='bbox 2076 3082 2190 3133; x_wconf 73' lang='lat' dir='ltr'>prae-</span> 
     </span>
     <span class='ocr_line' id='line_1_14' title="bbox 669 3128 2184 3204; baseline -0.001 -20"><span class='ocrx_word' id='word_1_103' title='bbox 669 3135 789 3185; x_wconf 83' lang='lat' dir='ltr'>senti</span> <span class='ocrx_word' id='word_1_104' title='bbox 804 3131 1047 3186; x_wconf 85' lang='lat' dir='ltr'>exhibetur</span> <span class='ocrx_word' id='word_1_105' title='bbox 1075 3135 1132 3204; x_wconf 84' lang='lat' dir='ltr'>Sy</span> <span class='ocrx_word' id='word_1_106' title='bbox 1141 3130 1315 3184; x_wconf 87' lang='lat' dir='ltr'>mbolo</span> <span class='ocrx_word' id='word_1_107' title='bbox 1331 3140 1348 3201; x_wconf 95' lang='lat'>)</span> <span class='ocrx_word' id='word_1_108' title='bbox 1368 3132 1426 3184; x_wconf 81' lang='lat' dir='ltr'>ad</span> <span class='ocrx_word' id='word_1_109' title='bbox 1439 3128 1834 3197; x_wconf 77' lang='lat' dir='ltr'>prehendendam</span> <span class='ocrx_word' id='word_1_110' title='bbox 1849 3139 1975 3201; x_wconf 72' lang='lat' dir='ltr'>pacis</span> <span class='ocrx_word' id='word_1_111' title='bbox 1988 3139 2184 3193; x_wconf 69' lang='lat' dir='ltr'>olivam,</span> 
     </span>
    </p>
   </div>
   <div class='ocr_carea' id='block_1_7' title="bbox 1988 3215 2186 3270">
    <p class='ocr_par' dir='ltr' id='par_1_7' title="bbox 1988 3215 2186 3270">
     <span class='ocr_line' id='line_1_15' title="bbox 1988 3215 2186 3270; baseline 0.015 -3"><span class='ocrx_word' id='word_1_112' title='bbox 1988 3215 2186 3270; x_wconf 78' lang='lat' dir='ltr'>Clodo-</span> 
     </span>
    </p>
   </div>
  </div>
 </body>
</html>
