2394 3768
417 306 814 349 SYMBOLA
871 311 1304 352 POLITICA.
1558 331 1636 370 ¹23

103 374 253 430 facula
267 409 281 429 ,
312 388 415 445 quae
433 374 492 427 ab
503 394 607 427 uno
620 374 888 429 Successore
905 378 1064 429 transit
1078 379 1137 431 ad
1150 379 1296 433 alium
1324 386 1338 431 ?
1417 382 1510 436 uid
1525 404 1638 454 ergo

102 452 310 522 majestas
327 452 409 504 fibi
425 453 570 504 sumit
590 453 641 503 in
656 452 743 505 hac
757 453 837 504 sua
853 455 1113 508 eminentia
1130 473 1229 510 tam
1248 458 1370 513 brevi
1392 505 1404 524 ‚
1420 463 1469 512 ὃ(
1484 461 1541 513 ad
1559 450 1652 514 so-¹

99 533 202 585 lum
227 529 368 581 usum
402 528 624 581 concessa
643 536 655 580 ?
673 530 834 581 Multa
863 532 1063 602 Principi
1092 553 1205 586 cum
1232 535 1514 590 hominibus
1532 539 1632 591 aliis

99 608 381 662 communia
396 606 507 658 sunt
529 639 541 671 3
561 625 658 658 una
675 607 776 659 sola
796 625 865 659 res
881 652 893 671 ,
917 606 1062 681 eaque
1091 610 1392 665 accidentalis
1418 617 1630 668 eundem

97 683 279 738 differre
296 685 421 737 facit.
452 687 507 735 Et
527 699 711 754 propter
723 683 800 736 illa
814 684 1012 756 quidem
1027 691 1248 755 ani-mum
1268 708 1372 742 non
1393 691 1580 746 demitti
1588 711 1633 756 [ς

96 763 163 815 ob
191 760 287 814 hoc
320 778 484 812 tamen
511 761 673 813 solum
698 762 748 812 ὅ(
772 762 975 814 unicum
1003 763 1199 835 superbe
1227 763 1320 819 sese
1344 766 1477 820 effert
1500 770 1527 821 s
1523 790 1633 838 upra

95 840 226 892 alios.
241 839 521 890 Meminerit
534 883 546 902 ‚
573 837 833 890 hominem
851 838 938 891 esse
954 841 1016 903 se,
1029 842 1079 891 &
1094 841 1374 897 hominibus
1389 848 1632 916 imperare.

94 917 353 987 Perpendat
370 914 618 989 diligenter
635 959 647 979 ‚
671 915 717 967 se
734 915 1074 986 amplissimum
1088 917 1184 972 hoc
1204 921 1378 974 Mundi
1393 922 1633 977 theatrum

92 994 245 1047 subire
261 1037 274 1057 ,
294 1009 347 1045 ut
365 993 587 1063 Principis
617 994 869 1063 personam
896 993 1148 1051 sustineat,
1179 996 1428 1051 decedenti
1445 999 1554 1054 vero
1572 1001 1632 1053 de

91 1073 180 1126 vita
205 1071 352 1122 alium
369 1069 543 1121 deinde
573 1089 686 1122 cum
716 1069 882 1122 eadem
899 1071 1213 1127 successurum
1229 1075 1428 1147 purpura
1445 1121 1457 1141 ,
1481 1098 1631 1151 quam

90 1149 186 1220 ipse
202 1147 469 1219 deposuerit
485 1175 498 1210 5
527 1146 586 1199 de
601 1164 806 1219 utroque
821 1147 1023 1200 demum
1042 1150 1197 1203 solam
1215 1152 1341 1206 hanc
1360 1154 1629 1225 superfutuss-

89 1245 189 1279 tarn
205 1227 492 1277 memoriam
505 1258 520 1280 ,
541 1223 673 1296 quod
690 1225 880 1277 fuerint.
909 1225 1036 1277 Illud
1048 1226 1256 1302 denique
1272 1230 1382 1283 sciat
1399 1275 1410 1295 ‚
1425 1251 1487 1284 ne
1502 1233 1626 1286 hanc

88 1302 286 1376 quidem
301 1320 570 1373 purpuram,
584 1301 677 1374 qua
693 1302 927 1359 amicitur,
945 1304 971 1353 s
968 1322 1079 1356 uam
1097 1304 1201 1370 effe,
1221 1306 1301 1358 sed
1320 1309 1626 1378 Reipublicae,

88 1400 193 1453 quae
212 1398 316 1431 non
332 1378 418 1431 nisi
443 1379 584 1430 usum
601 1381 640 1431 ei
655 1378 876 1454 indulget
892 1418 904 1443 ,
919 1396 972 1431 ut
988 1383 1147 1451 capitis
1164 1384 1384 1455 tantisper
1399 1385 1625 1459 fungatur

88 1456 255 1510 officio
269 1502 281 1521 ‚
305 1459 354 1507 δε
371 1457 489 1508 boni
518 1455 696 1526 publici
715 1455 1065 1509 conservationi
1084 1497 1096 1521 ,
1125 1460 1430 1513 incremento
1446 1462 1494 1511 ὅ(
1512 1481 1628 1533 pro-

87 1540 115 1586 s
108 1535 291 1606 peritati
306 1532 527 1586 consulat
541 1577 552 1597 ,
566 1548 620 1583 ut
633 1532 745 1584 alibi
759 1531 1089 1605 expendimus..

194 1617 250 1669 5.
275 1609 374 1663 Vbi
385 1610 524 1682 igitur
536 1609 588 1659 in
604 1609 706 1662 vitae
731 1606 867 1677 hujus
882 1609 1034 1662 stadio
1050 1610 1287 1666 decurrere
1305 1614 1452 1670 semel
1488 1616 1623 1667 Prin-

86 1708 194 1759 ceps
210 1682 534 1757 coeperit2taeda
546 1684 737 1737 ardente
749 1685 777 1736 s
772 1686 818 1736 ui
832 1684 987 1737 Status
1002 1688 1381 1754 instrufiusmon
1394 1692 1439 1746 id
1461 1693 1620 1746 solum

83 1779 260 1840 agat‚ut
273 1762 462 1814 cursum
476 1762 619 1814 istum
631 1760 864 1833 producat
875 1761 1084 1837 longius:
1095 1767 1192 1835 jam
1208 1770 1341 1820 enim
1354 1772 1620 1822 terminum

87 1841 371 1915 praefinitum
385 1838 554 1903 habet,
571 1858 719 1912 quem
736 1841 994 1915 transgredi
1008 1860 1115 1893 non
1131 1842 1294 1897 licebit
1305 1873 1318 1908 3
1334 1847 1382 1897 ὃ(
1403 1848 1508 1919 quis
1524 1864 1620 1898 no-

88 1921 295 1984 vit,num
310 1916 430 1970 forte
444 1915 503 1968 ab
516 1935 575 1969 eo
587 1918 683 1987 jam
697 1916 812 1969 absit
828 1917 1176 1988 proxime‚cum
1190 1921 1271 1974 illa
1287 1926 1460 1996 cuique
1474 1928 1620 1976 etiam

87 1995 318 2050 levissimo
329 2009 477 2049 vento
493 1992 546 2047 fit
562 1994 967 2070 exposita.Tegula
982 2015 1080 2048 una
1098 2016 1205 2049 eam
1222 2002 1337 2074 Regi
1356 2003 1570 2054 Henrico
1588 2004 1620 2054 Ι.
1651 2021 1736 2054 Mar.
1752 2011 1825 2055 hist.

88 2072 272 2126 extorsit
288 2071 798 2135 emanibus‚nondum
813 2089 929 2124 nato
944 2092 1100 2125 annos
1112 2077 1622 2146 quatuordecim:unus
1652 2069 1870 2153 521³·¹³b·*²·

88 2153 204 2203 item
221 2170 273 2201 ex
286 2168 412 2222 equo
426 2149 721 2220 lapsus‚inter
731 2150 826 2220 ipsa
842 2152 1116 2221 nuptiarum
1133 2153 1622 2225 tripudia,Principem
1721 2144 1728 2151 ’

88 2231 326 2280 loannem
342 2230 533 2300 Regum
560 2226 930 2279 Catholicorum
948 2227 1103 2281 filium
1118 2229 1387 2300 prohibuit,
1412 2232 1512 2305 quo
1531 2234 1623 2284 mi-

89 2304 180 2357 nus
197 2323 301 2355 eam
318 2302 600 2373 prehendere
615 2307 835 2374 potuerit.
1115 2371 1118 2373 ,
1333 2374 1335 2376 q

198 2387 249 2438 ,οἵ
291 2378 522 2431 Ponderet
538 2381 750 2450 praeterea
767 2384 980 2454 Princeps
993 2382 1292 2438 habilitatem
1311 2386 1400 2437 suae
1415 2384 1590 2439 mansis
1613 2408 1624 2436 ε

89 2456 395 2510 occafionem
413 2457 460 2506 ὃ(
478 2458 550 2526 jus
567 2500 581 2520 ‚
608 2474 670 2509 ne
687 2457 839 2527 plures
861 2461 1036 2512 temere
1051 2462 1173 2514 faces
1187 2462 1413 2533 suscipere
1432 2463 1620 2525 audeat,

90 2534 239 2608 quarn
258 2550 337 2586 aut
353 2532 598 2599 succeffio,
624 2550 703 2586 aut
717 2533 888 2587 electio
901 2536 1115 2610 legitima
1129 2538 1198 2589 illi
1224 2538 1549 2592 concefferint.
1574 2540 1621 2591 Si

96 2609 551 2665 confiderafletistud
571 2630 683 2664 curn
699 2613 868 2665 animo
883 2613 970 2665 suo
984 2613 1234 2667 Fridericus
1251 2619 1435 2667 Comes
1453 2615 1622 2667 Palati-

95 2706 464 2760 nuS,nunquam
473 2687 721 2741 Eleftorali
735 2688 981 2763 dignitate,
994 2709 1249 2762 nunquam
1267 2693 1519 2763 provinciis
1530 2692 1621 2743 suis

94 2786 149 2819 ac
163 2765 431 2818 honoribus
447 2780 547 2816 tam
561 2765 810 2819 infeliciter
823 2766 1055 2820 excidiffet
1069 2811 1081 2832 ‚
1097 2786 1284 2839 propter
1298 2769 1621 2841 ambitionem

91 2848 301 2896 Coronae
317 2840 599 2896 Bohemicae.
631 2846 686 2894 Et
701 2844 812 2896 sane
830 2845 978 2920 longe
996 2844 1164 2897 melius
1180 2846 1320 2898 suum
1348 2847 1624 2900 confecisset

92 2919 377 2974 curriculum
392 2922 489 2970 Rex
503 2920 703 2973 Carolus
716 2921 1111 2993 Neapolitanus2s1
1129 2925 1260 2997 regni
1275 2924 1343 2977 sui
1359 2940 1622 2978 contentus

88 2999 189 3050 face
207 3042 219 3061 ‚
250 3016 354 3048 non
368 2997 418 3048 in
434 2999 729 3070 Hungariam
743 3000 885 3053 etiam
902 3018 1107 3053 manum
1123 3000 1316 3072 adjicere
1328 2999 1586 3055 attentasset
1603 3044 1616 3064 ‚

87 3074 170 3128 ubi
186 3074 364 3128 idcirco
380 3091 571 3130 veneno
587 3076 776 3129 interiit.
1534 3149 1538 3152 Δ

923 3156 963 3207 L
1003 3163 1026 3205 2'
1449 3158 1504 3211 5.
1523 3154 1624 3205 Ne-
