<?xml version="1.0" encoding="UTF-8"?>
<!DOCTYPE html PUBLIC "-//W3C//DTD XHTML 1.0 Transitional//EN"
    "http://www.w3.org/TR/xhtml1/DTD/xhtml1-transitional.dtd">
<html xmlns="http://www.w3.org/1999/xhtml" xml:lang="en" lang="en">
 <head>
  <title>
</title>
<meta http-equiv="Content-Type" content="text/html;charset=utf-8" />
  <meta name='ocr-system' content='tesseract 3.04.00' />
  <meta name='ocr-capabilities' content='ocr_page ocr_carea ocr_par ocr_line ocrx_word'/>
</head>
<body>
  <div class='ocr_page' id='page_1' title='image "./ideaprincipischr00saav_0508.png"; bbox 0 0 2394 3768; ppageno 0'>
   <div class='ocr_carea' id='block_1_1' title="bbox 1097 319 1911 365">
    <p class='ocr_par' dir='ltr' id='par_1_1' title="bbox 1097 319 1911 365">
     <span class='ocr_line' id='line_1_1' title="bbox 1097 319 1911 365; baseline -0.009 0"><span class='ocrx_word' id='word_1_1' title='bbox 1097 321 1405 365; x_wconf 84' lang='lat' dir='ltr'>DIDACI</span> <span class='ocrx_word' id='word_1_2' title='bbox 1453 319 1911 361; x_wconf 80' lang='lat' dir='ltr'>SAAVEDRAE</span> 
     </span>
    </p>
   </div>
   <div class='ocr_carea' id='block_1_2' title="bbox 946 418 2035 511">
    <p class='ocr_par' dir='ltr' id='par_1_2' title="bbox 946 418 2035 511">
     <span class='ocr_line' id='line_1_2' title="bbox 946 418 2035 511; baseline -0.007 0"><span class='ocrx_word' id='word_1_3' title='bbox 946 447 1607 511; x_wconf 81' lang='lat' dir='ltr'>SYMBOLVM</span> <span class='ocrx_word' id='word_1_4' title='bbox 1714 418 2035 506; x_wconf 66' lang='lat' dir='ltr'>vaL</span> 
     </span>
    </p>
   </div>
   <div class='ocr_carea' id='block_1_3' title="bbox 1215 947 1770 968">
    <p class='ocr_par' dir='ltr' id='par_1_3' title="bbox 1215 947 1770 968">
     <span class='ocr_line' id='line_1_3' title="bbox 1215 947 1770 968; baseline 0 0"><span class='ocrx_word' id='word_1_5' title='bbox 1215 947 1770 968; x_wconf 95' lang='lat' dir='ltr'> </span> 
     </span>
    </p>
   </div>
   <div class='ocr_carea' id='block_1_4' title="bbox 1229 949 1770 971">
    <p class='ocr_par' dir='ltr' id='par_1_4' title="bbox 1229 949 1770 971">
     <span class='ocr_line' id='line_1_4' title="bbox 1229 949 1770 971; baseline 0 0"><span class='ocrx_word' id='word_1_6' title='bbox 1229 949 1770 971; x_wconf 95' lang='lat' dir='ltr'> </span> 
     </span>
    </p>
   </div>
   <div class='ocr_carea' id='block_1_5' title="bbox 1263 967 1774 980">
    <p class='ocr_par' dir='ltr' id='par_1_5' title="bbox 1263 967 1774 980">
     <span class='ocr_line' id='line_1_5' title="bbox 1263 967 1774 980; baseline 0 0"><span class='ocrx_word' id='word_1_7' title='bbox 1263 967 1774 980; x_wconf 95' lang='lat' dir='ltr'> </span> 
     </span>
    </p>
   </div>
   <div class='ocr_carea' id='block_1_6' title="bbox 1210 962 1721 986">
    <p class='ocr_par' dir='ltr' id='par_1_6' title="bbox 1210 962 1721 986">
     <span class='ocr_line' id='line_1_6' title="bbox 1210 962 1721 986; baseline 0 0"><span class='ocrx_word' id='word_1_8' title='bbox 1210 962 1721 986; x_wconf 95' lang='lat' dir='ltr'> </span> 
     </span>
    </p>
   </div>
   <div class='ocr_carea' id='block_1_7' title="bbox 1127 1081 1863 1109">
    <p class='ocr_par' dir='ltr' id='par_1_7' title="bbox 1127 1081 1863 1109">
     <span class='ocr_line' id='line_1_7' title="bbox 1127 1081 1863 1109; baseline 0 0"><span class='ocrx_word' id='word_1_9' title='bbox 1127 1081 1863 1109; x_wconf 95' lang='lat' dir='ltr'> </span> 
     </span>
    </p>
   </div>
   <div class='ocr_carea' id='block_1_8' title="bbox 823 550 2187 2247">
    <p class='ocr_par' dir='ltr' id='par_1_8' title="bbox 823 550 2187 2247">
     <span class='ocr_line' id='line_1_8' title="bbox 823 550 2187 2247; baseline 0 0"><span class='ocrx_word' id='word_1_10' title='bbox 823 550 2187 2247; x_wconf 95' lang='lat' dir='ltr'> </span> 
     </span>
    </p>
   </div>
   <div class='ocr_carea' id='block_1_9' title="bbox 742 2309 2275 3088">
    <p class='ocr_par' dir='ltr' id='par_1_9' title="bbox 820 2309 2274 2383">
     <span class='ocr_line' id='line_1_9' title="bbox 820 2309 2274 2383; baseline 0.003 -22"><span class='ocrx_word' id='word_1_11' title='bbox 820 2324 858 2361; x_wconf 79' lang='lat' dir='ltr'>N</span> <span class='ocrx_word' id='word_1_12' title='bbox 876 2327 914 2363; x_wconf 82' lang='lat' dir='ltr'>N</span> <span class='ocrx_word' id='word_1_13' title='bbox 934 2328 969 2364; x_wconf 90' lang='lat' dir='ltr'>o</span> <span class='ocrx_word' id='word_1_14' title='bbox 986 2328 1018 2364; x_wconf 88' lang='lat' dir='ltr'>v</span> <span class='ocrx_word' id='word_1_15' title='bbox 1034 2327 1065 2364; x_wconf 84' lang='lat' dir='ltr'>A</span> <span class='ocrx_word' id='word_1_16' title='bbox 1080 2325 1119 2363; x_wconf 82' lang='grc' dir='ltr'>τ</span> <span class='ocrx_word' id='word_1_17' title='bbox 1138 2328 1155 2363; x_wconf 92' lang='lat'>1</span> <span class='ocrx_word' id='word_1_18' title='bbox 1177 2325 1211 2362; x_wconf 88' lang='grc' dir='ltr'>ο</span> <span class='ocrx_word' id='word_1_19' title='bbox 1233 2310 1380 2364; x_wconf 82' lang='lat' dir='ltr'>¹rebus</span> <span class='ocrx_word' id='word_1_20' title='bbox 1406 2310 1570 2365; x_wconf 58' lang='lat' dir='ltr'>naturai</span> <span class='ocrx_word' id='word_1_21' title='bbox 1599 2309 1789 2367; x_wconf 85' lang='lat' dir='ltr'>caducis</span> <span class='ocrx_word' id='word_1_22' title='bbox 1819 2312 2178 2383; x_wconf 82' lang='lat' dir='ltr'>perpetuitatem</span> <span class='ocrx_word' id='word_1_23' title='bbox 2195 2313 2274 2366; x_wconf 83' lang='lat' dir='ltr'>tri-</span> 
     </span>
    </p>

    <p class='ocr_par' dir='ltr' id='par_1_10' title="bbox 742 2388 2274 3075">
     <span class='ocr_line' id='line_1_10' title="bbox 824 2388 2271 2446; baseline -0.001 -2"><span class='ocrx_word' id='word_1_24' title='bbox 824 2390 942 2444; x_wconf 89' lang='lat' dir='ltr'>buit.</span> <span class='ocrx_word' id='word_1_25' title='bbox 959 2392 1016 2442; x_wconf 88' lang='lat' dir='ltr'>In</span> <span class='ocrx_word' id='word_1_26' title='bbox 1033 2388 1309 2445; x_wconf 83' lang='lat' dir='ltr'>individuis,</span> <span class='ocrx_word' id='word_1_27' title='bbox 1328 2389 1449 2442; x_wconf 89' lang='lat' dir='ltr'>dum</span> <span class='ocrx_word' id='word_1_28' title='bbox 1467 2390 1555 2442; x_wconf 81' lang='lat' dir='ltr'>alia</span> <span class='ocrx_word' id='word_1_29' title='bbox 1574 2390 1673 2442; x_wconf 88' lang='lat' dir='ltr'>aliis</span> <span class='ocrx_word' id='word_1_30' title='bbox 1689 2388 1969 2443; x_wconf 56' lang='lat' dir='ltr'>continuati}</span> <span class='ocrx_word' id='word_1_31' title='bbox 1984 2389 2094 2442; x_wconf 82' lang='lat' dir='ltr'>serie</span> <span class='ocrx_word' id='word_1_32' title='bbox 2108 2391 2271 2446; x_wconf 85' lang='lat' dir='ltr'>succe.-</span> 
     </span>
     <span class='ocr_line' id='line_1_11' title="bbox 742 2466 2275 2541; baseline -0.002 -19"><span class='ocrx_word' id='word_1_33' title='bbox 742 2469 906 2533; x_wconf 83' lang='lat' dir='ltr'>dunt,</span> <span class='ocrx_word' id='word_1_34' title='bbox 934 2482 1201 2539; x_wconf 85' lang='lat' dir='ltr'>perennant</span> <span class='ocrx_word' id='word_1_35' title='bbox 1215 2467 1404 2538; x_wconf 81' lang='lat' dir='ltr'>species,</span> <span class='ocrx_word' id='word_1_36' title='bbox 1442 2470 1559 2520; x_wconf 86' lang='lat' dir='ltr'>Eam</span> <span class='ocrx_word' id='word_1_37' title='bbox 1576 2467 1645 2519; x_wconf 88' lang='lat' dir='ltr'>ob</span> <span class='ocrx_word' id='word_1_38' title='bbox 1665 2487 1764 2520; x_wconf 87' lang='lat' dir='ltr'>rem</span> <span class='ocrx_word' id='word_1_39' title='bbox 1786 2466 1992 2541; x_wconf 82' lang='lat' dir='ltr'>agricola</span> <span class='ocrx_word' id='word_1_40' title='bbox 2019 2467 2123 2520; x_wconf 84' lang='lat' dir='ltr'>serit</span> <span class='ocrx_word' id='word_1_41' title='bbox 2137 2467 2275 2520; x_wconf 83' lang='lat' dir='ltr'>arbo</span> 
     </span>
     <span class='ocr_line' id='line_1_12' title="bbox 746 2542 2274 2618; baseline -0.002 -18"><span class='ocrx_word' id='word_1_42' title='bbox 746 2566 848 2611; x_wconf 70' lang='grc' dir='ltr'>τες,</span> <span class='ocrx_word' id='word_1_43' title='bbox 871 2563 990 2618; x_wconf 86' lang='lat' dir='ltr'>quas</span> <span class='ocrx_word' id='word_1_44' title='bbox 1004 2545 1057 2597; x_wconf 90' lang='lat' dir='ltr'>in</span> <span class='ocrx_word' id='word_1_45' title='bbox 1071 2543 1440 2597; x_wconf 83' lang='lat' dir='ltr'>demortuarum</span> <span class='ocrx_word' id='word_1_46' title='bbox 1456 2545 1623 2597; x_wconf 89' lang='lat' dir='ltr'>locum</span> <span class='ocrx_word' id='word_1_47' title='bbox 1642 2545 1754 2616; x_wconf 80' lang='lat' dir='ltr'>poss</span> <span class='ocrx_word' id='word_1_48' title='bbox 1742 2562 1776 2596; x_wconf 94' lang='lat' dir='ltr'>t</span> <span class='ocrx_word' id='word_1_49' title='bbox 1789 2542 2024 2597; x_wconf 84' lang='lat' dir='ltr'>sufficere.</span> <span class='ocrx_word' id='word_1_50' title='bbox 2041 2563 2147 2596; x_wconf 91' lang='lat' dir='ltr'>non</span> <span class='ocrx_word' id='word_1_51' title='bbox 2166 2562 2274 2597; x_wconf 83' lang='lat' dir='ltr'>eam</span> 
     </span>
     <span class='ocr_line' id='line_1_13' title="bbox 744 2615 2272 2693; baseline -0.002 -16"><span class='ocrx_word' id='word_1_52' title='bbox 744 2642 909 2678; x_wconf 81' lang='lat' dir='ltr'>curam</span> <span class='ocrx_word' id='word_1_53' title='bbox 925 2621 1050 2676; x_wconf 82' lang='lat' dir='ltr'>casui</span> <span class='ocrx_word' id='word_1_54' title='bbox 1065 2621 1326 2693; x_wconf 83' lang='lat' dir='ltr'>relinquit,</span> <span class='ocrx_word' id='word_1_55' title='bbox 1339 2624 1451 2693; x_wconf 85' lang='lat' dir='ltr'>quia</span> <span class='ocrx_word' id='word_1_56' title='bbox 1467 2637 1546 2674; x_wconf 81' lang='lat' dir='ltr'>aut</span> <span class='ocrx_word' id='word_1_57' title='bbox 1562 2621 1737 2693; x_wconf 85' lang='lat' dir='ltr'>plantae</span> <span class='ocrx_word' id='word_1_58' title='bbox 1751 2641 1864 2674; x_wconf 88' lang='lat' dir='ltr'>eum</span> <span class='ocrx_word' id='word_1_59' title='bbox 1871 2615 2165 2687; x_wconf 76' lang='lat' dir='ltr'>deficerent,</span> <span class='ocrx_word' id='word_1_60' title='bbox 2191 2637 2272 2674; x_wconf 86' lang='lat' dir='ltr'>aut</span> 
     </span>
     <span class='ocr_line' id='line_1_14' title="bbox 742 2682 2266 2771; baseline -0.003 -15"><span class='ocrx_word' id='word_1_61' title='bbox 742 2698 869 2756; x_wconf 70' lang='lat' dir='ltr'>certe</span> <span class='ocrx_word' id='word_1_62' title='bbox 883 2718 974 2753; x_wconf 89' lang='lat' dir='ltr'>nec</span> <span class='ocrx_word' id='word_1_63' title='bbox 987 2700 1132 2752; x_wconf 81' lang='lat' dir='ltr'>effent</span> <span class='ocrx_word' id='word_1_64' title='bbox 1144 2717 1207 2750; x_wconf 85' lang='lat' dir='ltr'>eae</span> <span class='ocrx_word' id='word_1_65' title='bbox 1210 2699 1410 2771; x_wconf 89' lang='lat' dir='ltr'>‚quibus</span> <span class='ocrx_word' id='word_1_66' title='bbox 1423 2699 1670 2771; x_wconf 83' lang='lat' dir='ltr'>indigeret,</span> <span class='ocrx_word' id='word_1_67' title='bbox 1683 2718 1776 2752; x_wconf 86' lang='lat' dir='ltr'>nec</span> <span class='ocrx_word' id='word_1_68' title='bbox 1789 2682 1908 2752; x_wconf 85' lang='lat' dir='ltr'>locis</span> <span class='ocrx_word' id='word_1_69' title='bbox 1925 2699 2266 2752; x_wconf 89' lang='lat' dir='ltr'>convenienti-</span> 
     </span>
     <span class='ocr_line' id='line_1_15' title="bbox 744 2742 2271 2851; baseline -0.002 -21"><span class='ocrx_word' id='word_1_70' title='bbox 744 2777 854 2834; x_wconf 82' lang='lat' dir='ltr'>bus,</span> <span class='ocrx_word' id='word_1_71' title='bbox 873 2795 1029 2849; x_wconf 86' lang='lat' dir='ltr'>neque</span> <span class='ocrx_word' id='word_1_72' title='bbox 1045 2774 1196 2846; x_wconf 77' lang='lat' dir='ltr'>seipsis</span> <span class='ocrx_word' id='word_1_73' title='bbox 1210 2777 1336 2829; x_wconf 61' lang='lat' dir='ltr'>teeti]</span> <span class='ocrx_word' id='word_1_74' title='bbox 1352 2776 1535 2827; x_wconf 84' lang='lat' dir='ltr'>sursum</span> <span class='ocrx_word' id='word_1_75' title='bbox 1527 2742 1847 2851; x_wconf 47' lang='lat' dir='ltr'>„affuge-rent,</span> <span class='ocrx_word' id='word_1_76' title='bbox 1865 2774 1949 2827; x_wconf 87' lang='lat' dir='ltr'>nifi</span> <span class='ocrx_word' id='word_1_77' title='bbox 1975 2794 2043 2827; x_wconf 80' lang='lat' dir='ltr'>ars</span> <span class='ocrx_word' id='word_1_78' title='bbox 2058 2777 2108 2826; x_wconf 71' lang='grc' dir='ltr'>ὅ(</span> <span class='ocrx_word' id='word_1_79' title='bbox 2121 2774 2271 2827; x_wconf 78' lang='lat' dir='ltr'>indu·-</span> 
     </span>
     <span class='ocr_line' id='line_1_16' title="bbox 747 2848 2270 2938; baseline -0.001 -32"><span class='ocrx_word' id='word_1_80' title='bbox 747 2854 884 2917; x_wconf 83' lang='lat' dir='ltr'>sttia‚</span> <span class='ocrx_word' id='word_1_81' title='bbox 909 2852 1032 2905; x_wconf 87' lang='lat' dir='ltr'>dum</span> <span class='ocrx_word' id='word_1_82' title='bbox 1046 2869 1216 2906; x_wconf 83' lang='lat' dir='ltr'>tenerae</span> <span class='ocrx_word' id='word_1_83' title='bbox 1229 2853 1386 2906; x_wconf 87' lang='lat' dir='ltr'>adhuc</span> <span class='ocrx_word' id='word_1_84' title='bbox 1401 2854 1543 2915; x_wconf 70' lang='lat' dir='ltr'>sunt,</span> <span class='ocrx_word' id='word_1_85' title='bbox 1567 2848 1642 2904; x_wconf 71' lang='lat' dir='ltr'>ezis</span> <span class='ocrx_word' id='word_1_86' title='bbox 1671 2852 1924 2926; x_wconf 81' lang='lat' dir='ltr'>dirigeret:</span> <span class='ocrx_word' id='word_1_87' title='bbox 1953 2853 2113 2938; x_wconf 68' lang='lat' dir='ltr'>postea</span> <span class='ocrx_word' id='word_1_88' title='bbox 2139 2852 2270 2904; x_wconf 88' lang='lat' dir='ltr'>enim</span> 
     </span>
     <span class='ocr_line' id='line_1_17' title="bbox 748 2920 2264 3001; baseline -0.001 -19"><span class='ocrx_word' id='word_1_89' title='bbox 748 2920 880 2983; x_wconf 83' lang='lat' dir='ltr'>nulla</span> <span class='ocrx_word' id='word_1_90' title='bbox 892 2950 936 2982; x_wconf 90' lang='lat' dir='ltr'>v1</span> <span class='ocrx_word' id='word_1_91' title='bbox 926 2929 1078 2983; x_wconf 73' lang='lat' dir='ltr'>flecti</span> <span class='ocrx_word' id='word_1_92' title='bbox 1093 2930 1138 2981; x_wconf 86' lang='lat' dir='ltr'>se</span> <span class='ocrx_word' id='word_1_93' title='bbox 1155 2928 1318 2982; x_wconf 89' lang='lat' dir='ltr'>finunt</span> <span class='ocrx_word' id='word_1_94' title='bbox 1331 2931 1381 2980; x_wconf 85' lang='lat'>&amp;</span> <span class='ocrx_word' id='word_1_95' title='bbox 1397 2930 1579 3001; x_wconf 83' lang='lat' dir='ltr'>corrigi.</span> <span class='ocrx_word' id='word_1_96' title='bbox 1609 2932 1731 2979; x_wconf 89' lang='lat' dir='ltr'>Non</span> <span class='ocrx_word' id='word_1_97' title='bbox 1749 2933 1911 2982; x_wconf 87' lang='lat' dir='ltr'>minor</span> <span class='ocrx_word' id='word_1_98' title='bbox 1923 2948 2030 2982; x_wconf 83' lang='lat' dir='ltr'>cura</span> <span class='ocrx_word' id='word_1_99' title='bbox 2043 2931 2264 2999; x_wconf 73' lang='lat' dir='ltr'>juventu·=</span> 
     </span>
     <span class='ocr_line' id='line_1_18' title="bbox 748 3003 2268 3088; baseline -0.003 -30"><span class='ocrx_word' id='word_1_100' title='bbox 748 3008 808 3058; x_wconf 87' lang='lat' dir='ltr'>tis</span> <span class='ocrx_word' id='word_1_101' title='bbox 823 3005 910 3058; x_wconf 83' lang='lat' dir='ltr'>effe</span> <span class='ocrx_word' id='word_1_102' title='bbox 922 3005 1094 3071; x_wconf 87' lang='lat' dir='ltr'>debet,</span> <span class='ocrx_word' id='word_1_103' title='bbox 1118 3022 1172 3058; x_wconf 90' lang='lat' dir='ltr'>ut</span> <span class='ocrx_word' id='word_1_104' title='bbox 1185 3003 1305 3059; x_wconf 84' lang='lat' dir='ltr'>haec</span> <span class='ocrx_word' id='word_1_105' title='bbox 1294 3026 1319 3058; x_wconf 89' lang='grc'>3</span> <span class='ocrx_word' id='word_1_106' title='bbox 1334 3008 1501 3058; x_wconf 84' lang='lat' dir='ltr'>teneris</span> <span class='ocrx_word' id='word_1_107' title='bbox 1517 3007 1749 3057; x_wconf 85' lang='lat' dir='ltr'>formetur</span> <span class='ocrx_word' id='word_1_108' title='bbox 1762 3007 1942 3075; x_wconf 73' lang='lat' dir='ltr'>probe,</span> <span class='ocrx_word' id='word_1_109' title='bbox 1955 3008 2008 3058; x_wconf 90' lang='lat' dir='ltr'>in</span> <span class='ocrx_word' id='word_1_110' title='bbox 2025 3007 2078 3058; x_wconf 89' lang='lat' dir='ltr'>iis</span> <span class='ocrx_word' id='word_1_111' title='bbox 2093 3005 2268 3088; x_wconf 85' lang='lat' dir='ltr'>praeset-</span> 
     </span>
    </p>
   </div>
   <div class='ocr_carea' id='block_1_10' title="bbox 745 3051 2293 3230">
    <p class='ocr_par' dir='ltr' id='par_1_11' title="bbox 745 3051 2293 3230">
     <span class='ocr_line' id='line_1_19' title="bbox 745 3051 2261 3177; baseline -0.004 -41"><span class='ocrx_word' id='word_1_112' title='bbox 745 3083 837 3177; x_wconf 75' lang='lat' dir='ltr'>tini</span> <span class='ocrx_word' id='word_1_113' title='bbox 854 3051 1130 3149; x_wconf 81' lang='lat' dir='ltr'>ProvinciiS,</span> <span class='ocrx_word' id='word_1_114' title='bbox 1141 3084 1223 3138; x_wconf 89' lang='lat' dir='ltr'>ubi</span> <span class='ocrx_word' id='word_1_115' title='bbox 1237 3083 1333 3156; x_wconf 86' lang='lat' dir='ltr'>ipsa</span> <span class='ocrx_word' id='word_1_116' title='bbox 1348 3083 1443 3137; x_wconf 85' lang='lat' dir='ltr'>caeli</span> <span class='ocrx_word' id='word_1_117' title='bbox 1457 3083 1739 3137; x_wconf 78' lang='lat' dir='ltr'>constitutio</span> <span class='ocrx_word' id='word_1_118' title='bbox 1753 3102 1931 3158; x_wconf 81' lang='lat' dir='ltr'>magua</span> <span class='ocrx_word' id='word_1_119' title='bbox 1947 3083 2139 3155; x_wconf 82' lang='lat' dir='ltr'>ingenia</span> <span class='ocrx_word' id='word_1_120' title='bbox 2152 3099 2261 3150; x_wconf 85' lang='lat' dir='ltr'>prae-</span> 
     </span>
     <span class='ocr_line' id='line_1_20' title="bbox 1996 3156 2293 3230; baseline 0.007 -21"><span class='ocrx_word' id='word_1_121' title='bbox 1996 3156 2265 3230; x_wconf 80' lang='lat' dir='ltr'>stantesque</span> <span class='ocrx_word' id='word_1_122' title='bbox 2291 3181 2293 3183; x_wconf 48' lang='lat'><strong><em>¹</em></strong></span> 
     </span>
    </p>
   </div>
  </div>
 </body>
</html>
