2394 3768
725 322 796 371 ,93
1087 310 1395 352 D1DAcr
1451 307 1914 348 SAAVEDRAE

721 408 821 443 tarn
838 382 1052 457 expedita
1069 425 1082 445 ,
1100 396 1154 433 ut
1170 377 1338 431 eadem
1368 375 1603 430 celeritate
1619 423 1631 441 ,
1662 376 1755 449 qua
1782 377 2037 451 negotium
2064 378 2267 451 aliquod

724 477 950 537 peragunt
963 495 979 516 ,
993 457 1190 511 eosdem
1205 457 1318 508 faeti
1331 475 1448 508 mox
1463 459 1714 525 poeniteat.-
1733 455 1872 506 &his
1897 455 2155 508 consilium
2185 456 2269 508 da·

724 565 769 598 re
786 537 975 593 difficile
992 536 1069 590 est.
1105 534 1209 588 Alia
1226 534 1428 586 tardiora
1442 534 1552 585 sunt
1568 578 1580 598 ‚
1594 535 1643 584 &
1661 532 1791 605 quasi
1808 533 1988 598 semper
2001 536 2050 585 in
2071 534 2267 606 ancipiti

730 622 931 674 liaerent:
951 615 1048 670 haec
1061 614 1254 666 suismet
1268 611 1617 677 damni5,cum
1637 628 1853 682 ternpore
1883 610 2052 663 erudiri
2078 612 2275 676 debent5

727 717 846 751 narn
860 695 940 748 ista
954 693 985 745 fi
1001 708 1202 767 urgeant
1217 737 1229 756 ,
1245 689 1472 763 paulatim
1505 690 1601 743 sese
1629 689 1909 742 demittunt.
1947 687 2115 762 Aliqua
2144 689 2279 742 rudia

731 768 1242 844 sunt&stupida:haec
1271 767 1614 823 convincenda
1639 787 1746 822 non
1779 770 2072 842 argumentis
2096 768 2285 821 subtili-

729 856 820 908 bus
840 899 852 917 ,
864 851 942 905 sed
958 868 1063 923 quae
1080 846 1307 900 manibus
1323 847 1455 922 tangi
1469 845 1656 918 poffint.
1694 845 1796 898 Alia
1808 847 1859 897 in
1877 843 2279 915 disceptationem

736 947 914 988 vocant
927 928 1115 989 omnia,
1130 927 1180 978 ὃς
1194 927 1420 978 acumine
1433 928 1591 977 nimio
1607 943 1731 977 extra
1758 922 1935 976 limites
1952 924 2155 976 abeunt:
2182 923 2282 977 haec

738 1010 821 1063 fibi
839 1003 1154 1080 relinquenda
1170 1048 1182 1068 ‚
1195 1020 1249 1055 ut
1263 1003 1405 1056 instar
1419 1001 1676 1056 falconum
1693 1047 1704 1066 ,
1721 1003 1784 1055 ita
1812 1000 2020 1056 sublime
2046 1003 2254 1054 ferantur
2271 1047 2284 1067 ‚

737 1089 898 1140 donec
913 1081 1409 1158 defatigentur‚postea
1424 1080 1627 1133 demum
1645 1081 1703 1134 ad
1722 1079 2116 1133 tintinnabulum
2136 1081 2284 1132 ratio-

741 1168 813 1218 nis
830 1162 1100 1216 revocanda
1114 1161 1225 1212 sunt
1241 1204 1253 1224 ‚
1267 1163 1317 1211 δε
1333 1159 1392 1211 ad
1409 1160 1682 1233 negotium,
1700 1157 1836 1231 quod
1853 1177 1941 1229 prae
1961 1158 2186 1210 manibus
2204 1158 2284 1210 est.

739 1242 983 1308 Quaedam
1003 1257 1156 1293 omne
1173 1238 1377 1290 aliorum
1402 1237 1636 1308 judicium
1659 1239 1913 1307 respuunt,
1931 1238 1979 1286 ὅ(
1995 1238 2082 1287 suo
2098 1237 2289 1307 proprio

737 1324 987 1374 dumtaxat
1007 1319 1174 1371 innixa
1188 1316 1284 1368 sese
1299 1315 1528 1389 dirigunt:
1544 1314 1613 1366 his
1629 1313 1886 1367 confilium
1906 1314 2014 1366 dare
2029 1333 2133 1364 non
2153 1332 2291 1384 expe—

735 1399 806 1452 dit
821 1442 833 1462 ,
851 1398 930 1449 sed
946 1396 1106 1448 {olum
1122 1393 1251 1467 quafi
1267 1394 1422 1469 digito
1438 1394 1488 1445 in
1506 1392 1585 1444 illa
1601 1391 1868 1456 intendere,
1884 1391 1975 1443 late
1993 1391 2045 1443 iis
2057 1410 2158 1442 rem
2177 1410 2294 1443 om-

739 1496 856 1530 nem
870 1473 1191 1546 exponend0‚
1224 1489 1278 1524 ut
1305 1469 1431 1523 ultro
1455 1474 1510 1523 iis
1535 1486 1791 1524 occurrant
1808 1471 1881 1534 ,&
1908 1486 2030 1523 tunc
2053 1485 2292 1542 tanquam

737 1557 884 1611 foetus
902 1554 1011 1606 suos
1031 1552 1260 1623 propriOS,
1274 1551 1324 1601 ὅ(
1341 1549 1609 1622 approbent
1631 1550 1706 1614 ,ὃς
1736 1564 2044 1620 exequantur.
2079 1547 2182 1600 Alia
2200 1566 2293 1601 nec

741 1652 878 1709 agere
893 1631 1159 1706 quicquam
1181 1629 1356 1693 sciunt,
1370 1646 1461 1679 nec
1474 1626 1572 1678 sine
1586 1625 1789 1678 consilio
1806 1626 1966 1679 alieno
1985 1626 2096 1677 certi
2110 1624 2289 1698 aliquid

741 1712 953 1765 statuere:
968 1709 1094 1780 apud
1112 1704 1347 1776 ejusmodi
1367 1703 1592 1756 homines
1605 1703 1766 1754 frustra
1781 1703 1844 1755 est
1862 1703 2027 1755 omnis
2041 1702 2292 1773 persuafi0,

740 1787 959 1860 adeoque
973 1784 1110 1858 quod
1124 1802 1239 1835 cum
1254 1783 1307 1835 iis
1321 1781 1627 1835 tractandum
1644 1781 1792 1834 fuerat
1811 1826 1823 1845 ‚
1838 1778 2010 1833 melius
2023 1798 2100 1852 per
2114 1800 2289 1835 eorum

740 1864 1051 1919 Consiliarios
1070 1907 1083 1927 ,
1097 1861 1270 1915 aliosve
1286 1905 1300 1926 ,
1318 1878 1442 1935 quos
1459 1859 1537 1931 ipsi
1550 1878 1639 1932 prae
1653 1859 1842 1931 reliquis
1857 1878 1988 1912 caros
2003 1858 2198 1924 habent,
2214 1879 2293 1934 ac<

745 1943 892 1999 curari
905 1942 1093 2014 poterit.

854 2019 1034 2072 Eadem
1048 2018 1241 2072 varietas
1258 2059 1270 2080 ‚
1285 2034 1389 2088 quae
1405 2016 1454 2066 in
1468 2015 1673 2088 ingeniis
1690 2016 1894 2067 cernitur
1916 2058 1927 2078 ‚
1944 2014 2109 2084 pariter
2135 2016 2188 2067 in
2207 2033 2294 2066 ne·

742 2099 887 2173 gotiis
900 2097 1138 2167 reperitur.
1165 2093 1405 2162 Quaedam
1423 2091 1563 2143 initio
1577 2092 1730 2145 facilia
1744 2092 1770 2143 s
1766 2110 1855 2144 unt
1868 2120 1881 2156 3
1897 2091 2055 2163 postea
2069 2090 2182 2147 vero
2198 2093 2295 2145 flu-

743 2179 933 2232 viorum
949 2173 1089 2225 instar
1104 2173 1466 2225 incrementum
1491 2171 1690 2222 sumunt
1702 2204 1718 2226 ,
1746 2173 1983 2224 variorum
2010 2170 2297 2223 incommo-

745 2254 923 2306 dorum
939 2253 987 2303 ἃ
1002 2248 1346 2304 difficultatum
1357 2288 1371 2313 ,
1390 2246 1520 2322 quafi
1533 2247 1797 2302 rivulorum
1815 2246 2022 2301 accessu:
2057 2247 2156 2301 haec
2170 2248 2296 2302 cele-

744 2333 878 2385 ritate
892 2332 1255 2402 superantur3ut
1268 2346 1345 2399 per
1358 2343 1548 2398 tempus
1562 2326 1616 2378 iis
1632 2327 1737 2380 cres
1732 2345 1832 2379 cere
1867 2344 1972 2378 non
1999 2325 2152 2379 liceat.
2192 2326 2295 2380 Alia

746 2409 917 2464 contra
929 2408 1081 2462 ventis
1093 2408 1207 2459 sunt
1219 2404 1387 2458 similia
1401 2450 1413 2470 ,
1433 2405 1517 2477 qui
1533 2404 1794 2457 nascuntur
1809 2423 1924 2457 cum
1941 2406 2141 2476 impetu,
2157 2406 2208 2456 ὃς
2222 2404 2295 2458 le-

743 2488 868 2541 niter
883 2485 1129 2538 desinunt:
1160 2487 1211 2537 in
1229 2487 1282 2537 iis
1299 2482 1548 2536 tolerantia
1563 2480 1926 2556 constantiaque
1942 2501 2064 2555 opus
2075 2481 2156 2535 est.
2191 2481 2296 2535 Alia

750 2584 858 2619 non
877 2563 964 2616 nisr
982 2561 1450 2617 cumincertitudine
1477 2563 1527 2612 δε
1555 2560 1767 2632 periculo
1791 2576 2067 2623 tentantur5
2088 2559 2294 2632 quiaubi

748 2642 958 2697 minime
972 2658 1108 2714 putes
1121 2681 1135 2705 ‚
1151 2638 1496 2694 difficultatum
1516 2638 1699 2691 fundus
1713 2638 1808 2690 sese
1823 2639 1966 2710 aperit
1981 2660 1992 2689 .·
2006 2639 2058 2690 in
2070 2642 2142 2690 his
2159 2635 2295 2691 caute

750 2719 1117 2794 procedendum
1140 2721 1192 2771 ὃ(
1217 2720 1399 2772 fortiter
1416 2762 1428 2781 ,
1449 2718 1630 2788 semper
1659 2736 1772 2769 curn
1787 2718 2008 2770 contoin
2033 2734 2185 2768 manu
2202 2760 2217 2779 ‚
2241 2715 2294 2765 &

748 2799 920 2852 animo
934 2797 1154 2853 adver-sus
1167 2814 1514 2872 quemcunque
1541 2794 1704 2846 casum
1730 2796 1945 2848 munito.
1985 2797 2039 2845 In
2057 2792 2294 2865 aliquibus

748 2876 983 2929 secretum
1000 2876 1213 2946 expedit:
1241 2874 1322 2928 hic
1345 2871 1581 2926 cuniculis
1609 2871 1913 2925 clandestinis
1943 2871 2187 2946 agendum
2204 2912 2218 2935 ,
2241 2885 2295 2925 ut

747 2952 983 3007 successus
1010 2952 1193 3006 felicior
1218 2968 1433 3022 erumpat
1459 2951 1570 3003 ante
1587 2994 1599 3013 ‚
1617 2952 1769 3023 quam
1796 2950 1970 3004 adverti
1997 2947 2147 3019 possit.
2188 2947 2295 3000 Alia

746 3030 955 3084 obtineri
974 3048 1227 3102 nequeunt
1243 3075 1257 3095 ,
1271 3029 1356 3084 nisi
1373 3029 1493 3082 certa
1509 3030 1736 3100 temporis
1753 3028 2135 3099 opportunitate:
2152 3025 2204 3078 in
2219 3024 2294 3078 his

747 3108 908 3164 media
922 3107 1093 3162 omnia
1110 3108 1168 3160 ad
1186 3126 1395 3163 manum
1409 3107 1579 3161 habere
1592 3123 1782 3179 oportet
1811 3107 1862 3157 δε
1891 3101 2111 3175 disposita
2129 3147 2142 3169 ,
2173 3119 2227 3157 ut
2239 3102 2297 3156 fi-

2192 3180 2299 3236 mul
