2394 3768
473 274 1368 319 SYMBOLAPOLITICA.
1604 294 1682 335 ης

143 356 383 416 quantum
416 340 474 391 ad
505 345 777 412 potentiam
807 345 859 394 δε
890 347 1040 398 animi
1072 348 1464 421 magnitudinem
1491 350 1680 407 attinet,

141 423 202 473 ita
218 422 267 472 in
285 418 426 470 omni
443 420 550 470 casu
565 439 671 471 eam
687 440 775 490 prae
790 422 834 472 se
857 422 971 474 ferre
986 421 1050 476 fic
1082 423 1261 476 debent
1280 469 1293 490 ‚
1312 447 1366 479 ac
1394 425 1427 478 fi
1463 429 1680 499 Princeps

139 495 232 568 ipse
246 495 408 548 coram
424 498 619 566 praesens
633 495 815 549 adeffet.
855 498 931 549 Ad
947 498 1079 554 hunc
1094 501 1305 555 modum
1320 507 1414 579 egit
1433 508 1677 558 Antonius
1704 514 1790 568 Mas·
1813 513 1886 549 hist·

139 574 471 646 Fonseca2qui
489 575 745 648 postquam
764 578 948 650 Regem
979 578 1214 631 Carolum
1243 582 1490 635 octavum
1507 585 1673 637 nomi·
1702 564 1902 660 {³7¹¹PM6'

64 720 67 723 ι
137 671 198 705 ne
215 653 356 726 Regis
371 651 611 705 Catholici
629 653 890 707 monuisset
920 699 932 719 ‚
963 673 1026 706 ne
1054 675 1181 708 arma
1198 658 1531 728 Neapolitanis
1560 659 1675 716 fini-

136 729 222 783 bus
238 729 453 786 inferret,
472 728 633 783 donec
653 728 724 784 via
740 731 924 783 Iustitiae
942 777 954 796 ,
987 741 1093 805 quis
1118 734 1278 805 potior
1308 738 1411 788 Iure
1434 735 1572 802 esset,
1587 738 1677 792 de·
1724 784 1728 785 ⁷

132 808 509 870 clararetur3nec
536 808 801 880 quicquam
818 809 863 861 se
877 810 1103 880 proficere
1129 811 1331 870 videret,
1362 811 1537 887 infigni
1554 834 1672 870 cum

130 886 279 938 animi
294 884 507 938 libertate
520 884 680 957 palam
694 885 866 942 edixit,
885 889 1071 962 Regem
1092 889 1234 943 suum
1251 891 1556 944 conscientiae
1568 894 1668 962 jam

128 966 219 1016 suae
234 961 522 1028 satisfecisse,
541 979 593 1017 ut
608 962 784 1015 deinde
815 963 1005 1018 liberata
1030 965 1126 1018 fide
1142 967 1342 1031 ,viribus
1362 970 1406 1021 ὅ(
1438 969 1588 1039 copiis
1613 972 1669 1025 in

128 1061 233 1094 eam
251 1057 431 1113 partem
449 1041 493 1092 se
505 1039 613 1093 dare
624 1039 776 1112 posset
793 1086 805 1107 ,
820 1061 969 1115 quam
986 1043 1247 1116 aequiorem
1271 1045 1519 1117 judicaret.
1559 1051 1666 1105 Nec

126 1118 249 1174 ultra
264 1114 504 1184 moratus,
519 1137 682 1172 coram
696 1122 847 1193 Rege,
863 1121 910 1170 ὃ(
930 1122 1206 1175 Proceribus
1222 1167 1234 1188 ‚
1250 1125 1333 1196 qui
1350 1128 1399 1178 in
1416 1143 1667 1182 conventu

127 1197 324 1252 aderant
341 1194 630 1262 ‚initia-ntea
646 1197 837 1251 foederis
862 1198 1049 1251 tabulas
1076 1199 1306 1256 laceravit.
1351 1204 1497 1256 Sicuti
1511 1206 1666 1260 Mini-

125 1276 275 1330 strum
293 1276 516 1348 Principis
532 1275 600 1328 sui
616 1275 837 1330 maximis
850 1275 1138 1330 instructum
1152 1275 1239 1330 effe
1253 1278 1474 1339 decet,ita
1486 1282 1537 1333 ὃ(
1555 1285 1665 1335 Ma-

125 1355 285 1428 jestate
298 1352 423 1407 illius
439 1396 453 1419 ,
469 1352 750 1408 fortitudine
765 1396 780 1419 ,
803 1353 855 1405 &
866 1353 1129 1426 praestantia
1143 1357 1313 1413 animi.

1469 2876 1682 2935 SYM-
