2394 3768
705 333 787 388 248
1089 325 1402 369 DIDACI
1484 323 1921 364 SAAVEDRAE

715 397 1139 455 conservationem
1161 393 1375 465 ejusdem
1403 391 1744 464 conspirarent.
1786 394 1917 445 Brevi
1945 406 2137 444 ruerent
2166 409 2281 443 om·-

716 481 814 540 nia,
827 478 876 527 &
896 474 1276 537 dissolverentur,
1291 471 1322 523 fi
1335 470 1456 523 odio
1474 469 1703 524 haberent
1714 470 1951 522 Naturam
1980 488 2137 522 rerum
2154 470 2284 540 prin-

719 556 879 624 cipem
896 572 950 606 ac
990 552 1256 604 dominam
1275 568 1406 622 ,quae
1434 551 1616 601 mutuis
1642 546 1996 600 benevolentiae
2023 549 2073 599 ὅ(
2107 547 2284 599 amoris

717 631 925 686 vinculis
943 674 956 695 ‚
974 630 1106 682 velut
1120 626 1376 680 arctissimo
1391 627 1613 700 quodam
1631 643 1754 680 nexu
1769 623 1849 677 illa
1865 624 2022 698 jungit
2035 625 2169 698 ‘inter
2190 623 2286 677 sese

461 724 472 738 ¹
489 719 680 760 Corpvrsscu-
716 729 773 762 ac
791 707 1003 780 copulat.
1040 712 1200 759 Amor
1217 705 1299 757 iste
1314 705 1380 758 est
1402 706 1509 778 ,qui
1527 722 1696 756 terram
1724 702 1817 754 suis
1848 701 2069 755 libratam
2096 700 2287 773 ponde-

449 762 682 858 ssfssssnffltpffc-
713 786 846 840 ribus
867 786 1078 849 sustinet,
1093 786 1145 836 δε
1166 785 1346 838 circum
1363 783 1500 836 illam
1514 781 1712 834 caelestes
1729 779 1869 834 orbes
1882 778 1994 832 facit
2009 779 2285 853 circumagi.

457 865 681 905 ‘⁴²¹‘⁷'²‘¹‘'¹³⁷¹''‘
719 866 923 918 Discant
964 866 1207 935 Principes
1238 862 1300 916 ab
1325 860 1408 916 ista
1438 880 1597 914 rerum
1630 857 1943 913 conditarum
1975 856 2288 922 Monarchia,

455 919 519 943 tute
529 910 667 956 amicort'l,

455 959 661 993 rummiene-
714 942 919 996 fundata
935 945 984 996 in
1014 940 1406 1006 primoillarum,
1433 940 1521 992 este
1538 939 1584 992 se
1604 984 1616 998 ‚
1634 937 1842 1005 (ubsque
1856 932 2077 988 subditos
2091 935 2210 988 tueri
2239 954 2292 987 a·-

454 1006 681 1100 ffl‘lffe‘ila.
715 1024 869 1073 moris
894 1012 1138 1067 beneficio
1157 1057 1170 1078 ,
1188 1031 1293 1085 quae
1310 1011 1530 1064 fidiffima
1561 1012 1626 1063 est
1650 1023 1671 1045 ⁴
1707 1011 1926 1064 custodia
1941 1055 1954 1077 ‚
1977 1011 2072 1085 qua
2085 1011 2293 1087 gaudere

455 1106 677 1141 locatamJsoc.
716 1119 746 1170 p
753 1094 894 1146 Offun
901 1106 931 1143 t:

458 1154 592 1237 {32¹5
865 1164 1062 1243 {Vonfic
1072 1158 1262 1223 excubia
1274 1204 1289 1224 ,
1305 1184 1398 1221 non
1413 1166 1755 1241 circumstantia
1769 1163 1928 1233 tela-a,

862 1243 1042 1320 Qdm
1052 1259 1234 1300 tumtur
1243 1264 1389 1299 amor.

459 1358 579 1394 sende
590 1359 682 1395 dem,
719 1326 888 1383 Vnum
901 1323 1253 1401 inexpugnabile
1264 1325 1628 1387 munimentum,
1640 1340 1773 1376 amor
1784 1324 1982 1378 civium.
1999 1322 2063 1377 Ea
2078 1322 2139 1377 de
2156 1322 2294 1379 caus-

458 1409 602 1449 ¹·¹·⁶·¹9·
720 1404 771 1459 sa
786 1423 894 1476 apes
910 1406 1098 1476 Regem
1114 1404 1284 1476 legunt
1299 1402 1480 1475 absque
1495 1401 1669 1456 aculeo
1688 1446 1702 1467 ,
1718 1401 1833 1475 quia
1863 1404 2006 1455 armis
2024 1421 2132 1455 non
2161 1403 2294 1455 indi-

716 1501 801 1560 get
824 1514 842 1539 ,
861 1483 944 1555 qui
963 1481 1113 1534 amari
1139 1478 1328 1534 debeta
1354 1478 1570 1534 subditis·
1612 1482 1941 1554 Nequaquam
1976 1481 2073 1536 vult
2097 1483 2297 1545 Natura,

716 1577 774 1615 ut
788 1559 954 1613 laedere
967 1559 1104 1632 poffit
1121 1560 1176 1624 is,
1191 1561 1324 1630 cujus
1337 1558 1404 1611 est
1422 1557 1656 1611 moderari
1678 1558 2077 1629 Rempublicam,
2097 1577 2159 1611 ne
2174 1559 2296 1610 odio

462 1662 680 1710 L.3.tr.1.p.2
716 1639 791 1695 illi
810 1638 890 1704 fit,
905 1639 957 1689 δε
976 1638 1023 1692 se
1039 1638 1285 1710 perditum
1299 1654 1390 1691 eat.
1427 1634 1881 1712 Elmayorpoderw,
1898 1655 1922 1688 e
1946 1654 2053 1689 mas
2072 1633 2299 1713 cumplide

728 1721 814 1788 (ait
830 1721 862 1767 R
874 1737 929 1770 ex
951 1717 1183 1788 Alphons
1178 1736 1230 1768 us
1245 1717 1295 1766 in
1312 1714 1522 1786 quadam
1539 1714 1662 1786 lege)
1677 1731 1769 1788 que
1781 1709 1829 1765 el
1848 1713 2129 1790 Empemdor
2148 1712 2298 1792 puede

718 1791 1041 1867 averdefecho
1056 1811 1114 1845 en
1119 1794 1178 1863 [u
1185 1790 1373 1863 [ι’ἧονίο,
1386 1808 1431 1844 es
1446 1790 1632 1866 quando
1643 1790 1808 1843 clama
1819 1789 2146 1868 dfiaegentessea
2156 1810 2300 1845 ama-

719 1873 781 1925 do
793 1869 926 1923 della.
965 1874 1161 1940 Corpus
1178 1869 1396 1922 defendit
1415 1884 1560 1940 caput
1573 1912 1586 1933 ‚
1602 1870 1716 1940 quia
1730 1869 1929 1922 charum
1946 1871 2044 1923 hoc
2060 1870 2298 1935 habet‚ob

726 1951 1055 2004 directionem
1070 1948 1208 1999 suam
1223 1947 1270 1997 s&
1293 1947 1715 2000 conservationem
1734 1945 1790 1999 :si
1819 1947 1940 1999 illud
1971 1966 2078 2000 non
2110 1966 2305 2015 amaret,

730 2046 842 2081 non
858 2026 1085 2096 objiceret
1103 2024 1375 2081 brachium,
1395 2041 1446 2076 ut
1464 2025 1620 2076 inum
1639 2025 1919 2077 venientem
1934 2027 2150 2097 excipiat.
2168 2026 2300 2094 Qis

729 2106 826 2159 sese
840 2102 1060 2176 periculis
1083 2103 1307 2165 offerret,
1324 2101 1411 2153 nisi
1430 2102 1571 2153 suum
1586 2099 1801 2176 diligeret
1830 2102 2130 2175 Principem?
2172 2106 2304 2174 Qis

472 2176 558 2257 {1⁴25
578 2172 664 2208 Hm·
728 2201 971 2239 coronam
986 2182 1087 2252 ejus
1114 2195 1339 2232 tutaretur
1364 2198 1419 2232 ac
1447 2177 1756 2232 defenderet?
1789 2183 1976 2234 Totum
2005 2182 2217 2236 Castellae
2229 2203 2305 2236 re-

540 2236 571 2269 p·
728 2281 889 2339 gnum
907 2260 1130 2314 Hem-ico
1145 2257 1456 2312 Trastamarae
1491 2259 1679 2313 Comiti
1712 2276 1881 2312 contra
1899 2262 2083 2334 Regem
2117 2264 2305 2316 Petrum

731 2339 1000 2394 Crudelem
1018 2336 1197 2392 auxilio
1215 2338 1402 2392 adfuit,
1422 2337 1534 2410 quia
1557 2336 1637 2388 ille
1667 2339 1719 2389 in
1749 2356 1941 2403 amore,
1959 2338 2038 2392 hic
2061 2340 2183 2393 odio
2207 2356 2303 2394 erat

728 2418 980 2473 omnibus.
1025 2416 1228 2469 Initium
1247 2416 1462 2488 primum
1474 2413 1725 2467 everfionis
1741 2417 2026 2491 Regnorum
2046 2461 2060 2483 ‚
2073 2418 2124 2469 δε
2142 2434 2301 2472 muta-

733 2500 935 2552 tionum
951 2497 1002 2549 in
1018 2494 1186 2548 Rebus
1185 2495 1392 2566 publiffls
1408 2528 1426 2551 ‚
1455 2492 1628 2547 odium
1660 2491 1745 2546 est.
1789 2497 2097 2549 Incurrerunt
2123 2496 2175 2549 in
2205 2496 2302 2551 hoc

734 2577 863 2649 apud
881 2575 1102 2630 subditos
1119 2574 1230 2626 suos
1248 2575 1402 2648 Reges
1414 2572 1665 2625 Ordonius
1680 2573 1731 2624 δε
1748 2572 1916 2644 Froyla
1934 2575 2319 2640 Secunduspn-

484 2665 571 2719 Mar.
586 2662 672 2719 Hist-
735 2656 798 2710 de
814 2657 972 2711 inviso
987 2656 1086 2725 jam
1106 2655 1137 2703 R
1151 2672 1298 2728 egum
1317 2653 1527 2704 nomine
1543 2650 1748 2704 Castella
1765 2651 2058 2722 Reipublicae
2085 2652 2298 2708 formam

485 2712 680 2810 fflsp'hb‘g'
738 2736 899 2789 induit
915 2780 928 2798 ,
946 2732 1101 2786 diviso
1114 2732 1238 2785 inter
1250 2729 1376 2784 duos
1391 2730 1574 2784 Iudices
1590 2732 1798 2801 Imperio
1806 2769 1820 2793 ,
1834 2748 2047 2802 quorum
2066 2731 2182 2784 alter
2196 2731 2299 2801 paci

739 2812 941 2885 praeesset
960 2847 978 2868 ,
996 2814 1110 2864 alter
1126 2811 1328 2864 militiae.
1361 2808 1605 2861 Lusitania
1618 2826 1878 2879 nunquam
1903 2809 2121 2863 adversus
2144 2813 2298 2884 Reges

739 2891 854 2942 suos
869 2909 999 2941 arma
1011 2887 1211 2959 sumpsit
1225 2928 1239 2953 ,
1255 2907 1348 2941 nec
1360 2886 1422 2940 ab
1449 2904 1620 2939 eorum
1648 2886 1844 2939 descivit
1868 2885 2167 2944 obedientia,
2184 2889 2297 2959 quia

744 2967 928 3021 sincero
944 2985 1108 3018 amore
1121 2986 1203 3018 eos
1230 2962 1750 3035 compleClitur5qubd
1778 2961 1811 3014 fi
1839 2963 2105 3037 aliquando
2134 2983 2296 3018 unum

743 3042 937 3098 exclufit
955 3088 969 3106 ,
996 3045 1047 3094 ὃ(
1065 3043 1254 3095 admisit
1271 3043 1421 3096 alium
1438 3084 1452 3104 ,
1479 3041 1592 3093 ideo
1604 3043 1694 3094 tuit
1713 3085 1726 3103 ‚
1751 3042 1864 3114 quia
1890 3061 2049 3094 unum
2077 3040 2294 3108 charum,

741 3125 947 3177 alterum
961 3121 1030 3174 ob
1045 3120 1227 3175 malam
1243 3118 1548 3194 gubernandi
1564 3122 1805 3173 rationem
1831 3118 2036 3172 habebat
2048 3118 2182 3172 odio,
2221 3124 2295 3172 Ia·-

2143 3197 2296 3251 cobus
