2394 3768
434 1728 531 1765 Arist.
550 1730 609 1767 lib.
630 1746 657 1767 1.

433 1778 549 1820 PoLc,
566 1793 594 1816 1.

431 2036 477 2071 L.
488 2034 522 2071 ff.
535 2050 561 2071 c.
575 2038 616 2072 de

433 2083 545 2124 Affess.

429 2757 442 2772 0
463 2747 636 2794 capieba'tq3

431 2802 493 2833 tria
502 2800 589 2831 millia
600 2809 658 2831 me-

432 2857 535 2882 tretas.
550 2849 655 2881 2.[>ar.

433 2909 517 2940 45·

434 2974 447 2998 f
468 2977 633 3009 Duomillia

436 3026 516 3059 batos
539 3034 631 3065 capte-

435 3074 495 3107 hat.
527 3085 555 3119 3.
571 3075 657 3121 Reg.

434 3135 466 3165 7.
480 3132 536 3158 26.

696 348 771 386 370
1042 326 1345 368 DiDixci
1405 327 1866 368 sAAVEDRAE

693 406 762 455 uti
777 399 933 453 solent
950 397 1109 460 5unde
1128 394 1269 467 porro
1284 394 1355 453 fit,
1368 413 1421 448 ut
1439 398 1551 451 civis
1567 395 1727 449 bonus
1753 400 1840 450 esse
1854 401 1959 472 quis
1974 399 2122 472 poffit,
2140 417 2246 451 non

692 495 857 530 tamen
887 474 1000 527 ideo
1019 476 1179 528 bonus
1197 472 1249 526 fit
1269 474 1560 545 Reipublicae
1589 474 1864 527 moderator
1885 477 2007 530 :esto
2021 479 2155 530 enim
2176 522 2189 541 ‚
2220 479 2247 530 ὲ

690 553 942 608 virtutibus
960 552 1125 605 multis
1145 552 1676 605 moralibusinstruems
1693 553 1826 618 fit‚eae
1842 572 2006 607 tamen
2025 575 2129 608 non
2150 557 2249 608 suf-

691 630 853 686 ficient
869 665 886 688 ,
901 630 932 683 si
951 631 1108 684 civiles
1123 630 1276 683 desint
1288 676 1302 697 ‚
1335 632 1386 680 &
1401 630 1636 684 habitudo
1649 631 1725 685 illa
1744 631 1965 684 naturalis
1978 675 1990 696 ,
2004 633 2062 685 ad
2079 653 2244 709 regen-

690 712 812 764 dum
828 711 874 761 ὃ(
897 709 1238 781 imperandum
1259 707 1456 763 idonea.

801 795 853 847 §-
883 791 1000 840 Eam
1018 788 1086 840 ob
1103 806 1204 840 rem
1224 785 1487 858 plurimum
1508 787 1714 859 proderit
1728 824 1743 845 ,
1776 787 1807 840 si
1826 790 2043 859 Princeps
2059 805 2246 842 naturas

688 866 1128 940 propensionesque
1145 864 1451 918 subditorum
1471 866 1620 937 probe
1636 868 1895 938 perspectas
1910 865 2109 922 habeat,
2124 885 2175 920 ut
2192 870 2246 920 iis

689 945 868 1000 deinde
895 943 1171 1015 opportune
1194 945 1261 995 uti
1283 945 1470 998 noverit
1489 967 1498 992 :
1517 963 1632 996 nam
1660 946 1710 995 in
1743 943 1873 997 bona
1899 943 1977 996 ista
2007 945 2246 999 eleetione

689 1024 838 1077 totius
852 1021 994 1094 prope
1011 1022 1374 1097 gubernationis
1392 1023 1605 1075 consistit
1623 1021 1828 1074 felicitas.
1849 1024 2107 1096 Ingenium
2125 1027 2245 1075 Her-

689 1107 864 1154 manni
881 1099 1081 1153 Cortesii
1100 1099 1389 1171 aptissimum
1409 1118 1504 1152 erat
1523 1101 1581 1151 ad
1601 1100 1910 1174 detegendas,
1924 1101 1975 1151 &
1993 1119 2245 1171 occupan-

688 1178 773 1231 das
787 1177 943 1231 Indias
958 1207 971 1242 5
988 1178 1110 1231 illud
1127 1176 1237 1229 vero
1259 1179 1492 1230 Gonfalvi
1515 1178 1795 1230 Ferdinandi
1810 1179 2053 1231 Cordubae
2068 1179 2126 1230 ad
2144 1180 2248 1232 bel-

687 1257 795 1311 lum
812 1259 844 1306 R
858 1276 988 1331 egno
999 1256 1333 1328 Neapolitano
1348 1256 1656 1309 inferendum
1673 1278 1682 1305 ε
1702 1257 1836 1329 quod
1855 1258 1882 1309 fi
1902 1259 2033 1310 secus
2045 1257 2245 1309 accidis-

686 1336 771 1400 set,
788 1336 836 1385 &
852 1336 991 1406 priori
1004 1336 1074 1388 illi
1092 1354 1339 1387 armorum
1357 1353 1466 1387 cura
1483 1351 1652 1386 contra
1669 1336 2005 1401 Francos,liuic
2021 1334 2148 1386 alteri
2167 1354 2250 1387 ve-

686 1411 742 1466 ῐὸ
767 1415 885 1467 novi
913 1414 1043 1466 orbis
1061 1412 1364 1487 investigatio
1378 1413 1670 1464 demandata
1689 1413 1843 1465 fuisset
1861 1458 1872 1478 ,
1902 1433 2007 1465 non
2027 1413 2162 1484 aeque
2178 1431 2249 1466 res

688 1490 910 1563 evenisset
923 1491 1133 1544 feliciter.
1165 1494 1205 1541 V
1215 1493 1264 1542 ni
1281 1490 1419 1544 alicui
1437 1490 1632 1563 aequalia
1649 1510 1734 1562 pro
1749 1490 1888 1543 rebus
1904 1490 2137 1544 omnibus
2153 1490 2248 1543 do-

688 1590 754 1623 na
767 1573 951 1623 Natura
967 1590 1072 1622 non
1091 1569 1416 1641 impertiit,{ed
1434 1588 1591 1621 unum
1610 1569 1808 1643 aliquod
1823 1569 2058 1623 excellens
2071 1570 2120 1620 &
2138 1589 2248 1641 prae-

690 1649 817 1702 stans
844 1669 930 1721 pro
959 1650 1111 1701 unico
1138 1649 1307 1720 aliquo
1329 1645 1521 1709 officio,
1544 1647 1623 1699 seu
1643 1647 1937 1718 parcitatisid
1956 1648 2124 1711 fuerit,
2162 1647 2244 1701 seu

690 1727 951 1798 prudentiae
967 1725 1123 1796 potius
1142 1747 1150 1773 :
1158 1726 1224 1796 fic
1233 1728 1357 1778 enim
1371 1722 1536 1800 optimc?³
1547 1722 2083 1801 instrumentaprofieient
2100 1723 2158 1795 ‚st
2168 1745 2242 1776 eo-

689 1823 792 1857 rum
796 1801 979 1877 stngula
994 1822 1084 1856 non
1100 1802 1258 1854 multis
1275 1836 1291 1857 ³
1306 1802 1391 1874 sed
1400 1804 1482 1853 uni
1506 1802 1817 1871 deserviam-2.
1862 1801 1921 1854 Ea
1938 1801 1998 1854 de
2017 1803 2134 1855 caus
2129 1801 2174 1855 sa
2191 1804 2243 1854 in

691 1879 1149 1955 Carthaginensibus
1178 1881 1423 1949 improbat
1443 1878 1705 1931 Arstoteles
1729 1915 1743 1935 ‚
1780 1879 1912 1952 quod
1933 1881 2075 1932 unius
2093 1880 2243 1932 solius

690 1957 832 2029 opera
862 1977 947 2028 pro
980 1957 1146 2008 multis
1165 1974 1405 2009 uterentur
1434 1955 1631 2009 officiis:
1653 1976 1803 2008 nemo
1821 1960 1955 2010 enim
1984 1957 2040 2010 ad
2069 1960 2241 2012 onmia

692 2037 898 2091 idoneus
913 2035 988 2087 est.
1009 2031 1265 2107 Necfacilb
1279 2032 1550 2086 credendum
1563 2033 1622 2104 est
1640 2039 1711 2099 (ut
1731 2034 1854 2086 bene
1867 2034 2090 2104 expendit
2105 2036 2242 2087 lusti-

687 2117 862 2165 nianus
881 2109 1343 2183 Imperator)duabus
1355 2108 1596 2181 neceffizriis
1610 2109 1740 2164 rebus
1751 2131 1898 2164 unum
1906 2110 2240 2188 sufficere-nam

685 2187 794 2243 citm
810 2192 892 2243 uni
905 2189 1078 2259 judicio
1091 2189 1306 2262 adfuerit,
1322 2185 1453 2240 alteri
1468 2186 1657 2261 abstrahi
1669 2187 1827 2259 neceffi’
1843 2189 1902 2263 est
1920 2225 1933 2244 ,
1953 2190 2111 2266 sicque
2127 2189 2239 2246 nulli

683 2287 836 2321 eorum
851 2266 1066 2320 idoneum
1079 2268 1300 2320 inveniri.
1341 2268 1532 2317 Rectius
1548 2266 1901 2320 administratur
1921 2268 2206 2338 Respublica
2222 2314 2236 2334 ,

685 2346 718 2397 si
736 2348 784 2397 in
803 2344 871 2408 ea,
887 2346 1083 2397 velutin
1097 2344 1251 2416 aliqua
1265 2346 1389 2407 navi,
1409 2346 1612 2418 quisque
1625 2346 1712 2396 suo
1728 2346 1942 2420 invigilet
1959 2348 2164 2399 muneri.
2182 2350 2238 2400 Et

689 2422 872 2476 tametsi
889 2442 1016 2475 unus
1046 2423 1215 2494 aliquis
1228 2442 1460 2474 omnium
1478 2425 1587 2474 esset'
1603 2442 1745 2493 capax
1758 2458 1773 2478 ‚
1819 2443 1923 2475 non
1944 2423 2052 2476 ideo
2069 2442 2237 2480 tamen

686 2503 859 2555 omnia
884 2501 952 2554 illi
971 2500 1264 2568 conferenda
1282 2501 1408 2553 sunt.
1452 2504 1698 2575 Magnum
1726 2500 1843 2553 illud
1878 2522 1954 2555 vas
1978 2506 2236 2556 aeneumin

686 2580 876 2652 templo
892 2579 1212 2632 Salomonico
1226 2579 1456 2632 sacrificiis
1474 2581 1764 2631 destinatum
1783 2625 1793 2642 ,
1811 2579 1946 2651 quod
1963 2600 2089 2633 mare
2102 2581 2236 2636 dice-

688 2660 827 2712 batur
840 2694 853 2716 ,
874 2659 924 2708 ὅ(
941 2656 1149 2729 positum
1168 2675 1277 2709 ante
1287 2656 1425 2708 altare
1441 2659 1465 2708 a
1486 2658 1643 2710 bobus
1657 2657 1920 2710 duodecim
1939 2659 2234 2712 sustentaba-

690 2754 765 2789 tur
781 2780 793 2800 ,
810 2736 1040 2807 Scriptura
1058 2736 1170 2787 teste
1189 2780 1200 2799 ‚
1219 2753 1284 2786 ter
1302 2736 1437 2787 mille
1453 2747 1467 2766 ⁶²
1486 2752 1703 2788 metretas
1720 2739 1737 2805 (
1754 2738 1982 2788 mensurae
2007 2757 2160 2810 genus
2187 2739 2235 2790 id

692 2818 804 2883 erat)
820 2813 1034 2884 capiebat
1051 2859 1063 2875 ,
1079 2815 1127 2864 δε
1145 2832 1309 2864 tamen
1330 2832 1432 2863 non
1450 2813 1531 2863 nisi
1553 2815 1621 2865 bis
1642 2812 1773 2864 mille
1797 2813 1819 2858 f
1834 2814 2229 2868 infundebantur.

692 2893 851 2943 Nullo
869 2892 1026 2942 modo
1042 2892 1253 2961 expedit,
1283 2909 1335 2941 ut
1352 2910 1401 2941 in
1420 2910 1576 2941 unum
1595 2890 1804 2962 aliquem
1821 2893 1950 2962 plura
1966 2912 2233 2967 congeran-

694 2986 767 3022 tur
785 2971 954 3020 munia
969 3013 980 3032 ‚
999 2971 1047 3019 &
1065 2970 1319 3043 dignitates
1332 2988 1445 3020 cum
1464 2968 1639 3019 invidia
1654 2972 1883 3021 oninium
1898 3010 1910 3032 ,
1940 2972 1987 3020 ὅ(
2005 2971 2233 3043 indigna-

692 3047 891 3102 tione‚&
910 3062 961 3098 ut
975 3049 1319 3116 occupationes
1333 3045 1483 3096 desint
1499 3065 1582 3115 pro
1600 3046 1713 3097 aliis.
1734 3051 1959 3099 Attamen
1976 3051 2084 3119 quia
2103 3049 2229 3099 Prin-

692 3127 816 3198 cipes
830 3141 908 3178 aut
922 3125 1232 3195 personarum
1250 3124 1476 3176 notitiam
1491 3143 1596 3175 non
1615 3124 1809 3191 liabent,
1825 3142 1904 3177 aut
1921 3125 2133 3178 laborem
2152 3124 2233 3174 de-

2042 3202 2235 3276 fugiunt
