2394 3768
97 378 102 382 ῃ
453 318 860 362 SYMBOLA
920 323 1385 370 PoL1T1CA.
1620 341 1697 384 245

158 385 272 439 tiam
291 427 302 445 ‚
320 385 484 438 minus
501 386 742 442 damnum
759 433 771 453 ‚
803 391 1064 465 minusque
1081 394 1346 464 periculum
1372 390 1614 471 eligendo.

264 466 316 518 5.
360 466 695 534 Saepenumero
722 486 880 521 metus
909 470 999 522 sub
1029 470 1180 525 aliena
1203 472 1434 543 specieita
1455 475 1583 526 terite
1610 492 1704 526 nos

158 540 361 612 decipit,
387 560 439 593 ut
466 543 771 614 prudentiam
796 546 1148 613 existimemuS‚
1176 550 1229 600 δε
1259 549 1587 604 constantiam
1614 569 1703 622 pro

156 620 415 674 temeritate
433 620 708 674 habeamus.
748 625 1132 698 Nonnunquam
1147 626 1280 679 dubii
1295 627 1526 680 haeremus
1543 629 1595 681 &
1610 646 1704 681 an-

156 698 315 767 cipites
344 722 359 753 ,
391 716 483 751 nec
506 697 614 751 satis
640 699 838 754 statuere
869 703 1151 772 possumus,
1179 703 1299 777 quid
1326 704 1572 778 agendum
1603 751 1617 772 ‚
1648 706 1702 759 &

153 775 622 848 periculumintetim
639 779 831 851 propius
857 779 925 832 fit'.
968 783 1090 834 Non
1119 780 1337 834 timenda
1364 783 1478 834 sunt
1504 782 1695 840 omnia,

153 873 309 927 neque
327 854 508 925 semper
523 872 621 908 tam
641 855 821 910 matura
834 856 1178 911 deliberatione
1193 877 1316 930 opus
1328 858 1394 912 est
1411 878 1558 923 3nam
1586 879 1699 931 pru-

151 932 366 985 dentiam
397 931 519 984 inter
543 935 593 984 &
630 936 950 988 temeritatem
983 937 1171 1011 egregia
1197 937 1313 1009 saepe
1340 937 1555 990 facinora
1571 936 1695 990 clesi-

147 1026 265 1085 gnat
283 1010 553 1064 FortitudO.
591 1015 804 1086 Magnus
821 1016 932 1066 Dux
949 1013 1154 1068 fluvium
1171 1015 1322 1068 Lirim
1336 1013 1603 1088 aliquando
1618 1016 1696 1068 in·
1726 1016 1814 1100 ἓξὲξ·
1826 1012 1933 1101 ξξίῑε

142 1087 315 1163 gressus
330 1106 445 1141 cum
464 1091 663 1143 exercitu
680 1123 697 1145 ,
715 1089 892 1165 magna
902 1109 1059 1144 rerum
1074 1091 1265 1164 penuria
1291 1090 1517 1145 laborare
1531 1093 1694 1165 coepit,
1723 1077 1851 1160 c.5¹‚p'¹
1880 1075 1911 1101 '²
1938 1089 1949 1099 ⁹

144 1165 265 1220 adeo
284 1182 337 1219 ut
352 1164 488 1219 miles
504 1166 628 1220 male
641 1184 903 1221 contentus
919 1168 1202 1223 dilaberetur
1218 1197 1232 1235 5
1249 1167 1469 1244 ct'tmque
1500 1173 1698 1224 Centu-

142 1245 301 1297 riones
315 1244 613 1297 auctoresilli
631 1244 805 1310 effent,
831 1263 885 1298 ut
896 1249 1103 1318 receptui
1121 1264 1310 1301 caneret
1326 1292 1339 1313 ‚
1359 1247 1422 1301 fic
1436 1248 1581 1301 fertur
1606 1267 1683 1302 re‹³

139 1320 404 1393 spondiffe:
441 1324 539 1396 Ego
561 1321 673 1376 verb
700 1322 826 1399 apud
842 1321 961 1377 hunc
982 1327 1198 1379 animum
1207 1324 1358 1397 statui
1383 1361 1400 1382 ‚
1428 1343 1520 1378 uno
1532 1323 1690 1402 potiits

138 1413 256 1452 terra
263 1396 388 1475 passu
390 1403 529 1474 poteri
539 1435 555 1456 ,
567 1398 839 1476 ubistpeliar
851 1445 863 1467 ‚
876 1398 1022 1478 qudm
1037 1400 1272 1478 retrogredi
1287 1436 1305 1459 ,
1333 1400 1512 1474 etiamsi
1545 1420 1692 1456 annos

138 1491 320 1530 centum
334 1474 609 1552 vitaepoffiem
624 1476 833 1550 adjicere.
875 1483 1084 1533 Heroi'ca
1097 1499 1190 1535 vox
1205 1524 1219 1545 ‚
1238 1478 1387 1553 digna
1398 1478 1687 1533 fortitudine

137 1558 238 1609 Viri
256 1557 401 1619 tanti,
417 1556 465 1605 ὃ(
480 1556 745 1627 prudentia.
786 1556 987 1629 Optime
1011 1556 1151 1610 norat
1167 1603 1181 1623 ‚
1208 1555 1388 1630 absque
1416 1557 1685 1612 temeritate

135 1633 292 1707 aliqua
307 1637 416 1687 sein
432 1652 491 1685 eo
505 1634 612 1686 casu
625 1633 800 1704 sperare
812 1651 919 1686 non
933 1631 1061 1704 poffe
1074 1678 1086 1698 ,
1100 1633 1181 1686 sed
1203 1633 1478 1706 expendens
1492 1634 1682 1707 pericu-

133 1713 238 1766 lum
254 1712 314 1764 ad
331 1707 580 1763 armorumv
592 1710 1019 1773 existimationem,
1031 1729 1138 1782 quae
1152 1711 1256 1764 sola
1272 1712 1324 1762 &
1337 1716 1481 1764 unica
1493 1719 1592 1781 ejus
1606 1711 1683 1764 fa·-

133 1794 352 1843 ctionem
368 1788 657 1842 sustentabat
673 1787 724 1840 in
741 1803 894 1862 regno
908 1822 925 1844 ‚
942 1787 1080 1859 quod
1096 1785 1123 1840 ὲ
1136 1785 1347 1840 successu
1364 1787 1683 1858 expeditionis

132 1868 259 1923 illius
288 1865 590 1937 dependebat
607 1912 620 1932 ‚
644 1866 815 1918 omnia
847 1868 898 1919 in
922 1865 1078 1918 aleam
1104 1864 1248 1917 unius
1271 1863 1415 1935 praelii
1443 1863 1554 1917 dare
1571 1884 1681 1918 ma·-

132 1947 245 2008 luit,
256 1947 305 1995 &
320 1943 452 1997 suam
466 1945 585 1997 tueri
598 1942 998 1997 existimationem
1015 1987 1028 2008 ,
1043 1942 1194 2015 quam
1213 1940 1394 2014 absque
1410 1941 1460 1995 ea
1472 1960 1683 2018 regnum

132 2023 359 2096 paulatim
376 2023 604 2076 amittere.
645 2021 894 2094 Oquoties
911 2022 1052 2093 ,quia
1083 2021 1263 2073 ferrum
1291 2038 1400 2072 non
1429 2019 1683 2074 cohibetur

135 2102 338 2173 tempori
355 2103 432 2165 ‚in
451 2099 607 2154 caussa
619 2102 785 2152 sumus
802 2142 815 2164 ‚
831 2117 912 2153 cur
925 2099 1183 2154 vulnerum
1210 2097 1489 2152 carcinoma
1514 2096 1682 2173 graffef

132 2177 428 2254 turlongiuS.

242 2264 296 2316 5.
333 2256 575 2323 Qaedam
590 2256 791 2328 pericula
806 2255 959 2327 seipsis
971 2254 1278 2319 evanescunt5
1302 2252 1393 2306 alia
1407 2269 1572 2308 tamen
1602 2271 1685 2307 au-

133 2337 334 2413 gescunt
356 2355 434 2406 per
462 2336 693 2388 incuriam
712 2381 724 2400 ‚
749 2351 891 2408 atque
919 2333 1042 2388 adeo
1060 2332 1190 2387 lenta
1216 2330 1346 2407 quafi
1370 2331 1491 2386 febri
1522 2330 1680 2386 confi·

135 2429 326 2466 ciuntur
338 2432 481 2487 regna
500 2413 848 2475 ‚exintereune
886 2411 1128 2488 Qaedam
1147 2412 1315 2486 ignota
1330 2409 1515 2481 prorsus
1549 2411 1682 2475 sunt,

132 2494 182 2543 ὅ(
198 2492 413 2546 adversus
430 2491 512 2542 ista
524 2491 552 2542 s
547 2489 630 2542 atis
648 2491 794 2544 caveri
820 2509 926 2543 non
941 2488 1093 2561 potest
1111 2533 1122 2553 ,
1136 2490 1248 2561 quia
1272 2485 1408 2542 citius
1422 2487 1675 2562 ingruunt,

134 2569 283 2643 quam
299 2586 518 2640 parentur
533 2567 755 2621 remedia.
798 2567 902 2620 Alia
918 2582 1035 2620 nota
1058 2566 1172 2618 sunt
1196 2564 1397 2638 quidem
1415 2607 1428 2628 ,
1444 2564 1527 2617 sed
1554 2584 1676 2618 con-

134 2664 422 2700 temnuntur
451 2666 462 2695 2
489 2648 539 2699 &
564 2646 624 2699 ab
640 2646 710 2699 his
733 2643 1017 2718 plerumque
1039 2644 1139 2716 pati
1170 2642 1331 2695 solent
1352 2641 1647 2718 negligentia
1662 2686 1677 2709 ,

132 2727 183 2778 ὃ(
209 2724 506 2778 confidentia
539 2726 704 2779 nimia.
756 2724 968 2778 Nullum
996 2719 1261 2794 periculum
1286 2756 1304 2777 ,
1355 2720 1674 2794 quantumvis

131 2822 330 2876 parvum
356 2821 436 2855 aut
463 2803 690 2878 exiguum
716 2842 729 2867 ,
755 2800 867 2854 ideo
901 2801 1054 2873 sperni
1084 2798 1255 2853 debet:
1282 2814 1474 2870 tempus
1498 2798 1632 2850 enim
1654 2843 1669 2863 ‚

127 2885 177 2935 ὅ(
209 2881 473 2936 accidentia
499 2883 587 2934 alia
607 2880 721 2952 saepe
751 2884 906 2951 majus
932 2876 1053 2932 illud
1082 2875 1326 2933 efficiunt,
1353 2876 1404 2927 ὅ(
1433 2873 1672 2929 fortitudo

128 2981 234 3014 non
253 2961 419 3012 tamin
439 2960 712 3030 superandis
728 3003 740 3023 ,
767 2956 916 3030 quam
941 2959 992 3009 in
1022 2954 1289 3011 avertendis
1311 2952 1526 3026 periculis
1546 2972 1672 3007 con-

125 3038 250 3091 fistit.
286 3041 457 3092 Vivere
471 3039 522 3089 in
541 3037 804 3108 conspectu
822 3034 1045 3106 periculi,
1060 3032 1256 3105 perinde
1268 3031 1401 3104 quasi
1416 3031 1479 3085 est
1493 3066 1510 3088 ‚
1539 3050 1595 3084 ac
1616 3031 1672 3084 il-

125 3117 207 3171 lud
221 3115 364 3189 reipsa
380 3116 533 3168 subire
552 3160 565 3180 ‚
581 3115 854 3185 &experiri.
895 3113 1063 3167 Nemo
1087 3107 1352 3166 moralium
1367 3111 1513 3187 juxta
1541 3110 1679 3186 fvipea'

963 3193 1007 3243 X
1050 3210 1070 3248 3
1584 3205 1683 3242 ram
