2394 3768
755 313 841 359 ‘662
1124 306 1419 351 DIDACI
1483 305 1947 350 SAAVEDRAE

755 390 918 445 trarios
930 383 1110 436 habuit:
1125 398 1255 434 coeca
1269 377 1402 432 enim
1415 376 1478 430 est
1492 377 1834 451 indignatim&
1852 376 2079 430 facillime
2094 379 2141 432 in
2162 400 2275 452 prae-

756 484 864 536 ceps
880 464 984 513 ruit.
1012 459 1233 533 Dignitas
1258 454 1712 509 Pontificiainermis
1729 458 1898 518 etiam,
1918 454 2272 512 instructissimis

752 537 1031 595 exercitibus
1061 534 1261 591 validior
1291 533 1370 586 est.
1406 532 1645 586 Occursus
1669 533 1847 584 Leonis
1874 535 2002 603 Papae
2031 534 2082 584 in
2106 535 2269 590 habitu

751 615 1013 671 Pontificio
1031 631 1223 668 tantum
1243 629 1465 663 terrorem
1483 609 1668 664 incussit
1690 610 1858 673 Attilae‚
1873 627 1925 661 ut
1941 608 2113 681 pedem
2129 616 2269 666 refer-

744 713 838 761 ret,
869 696 919 746 &
946 693 1211 764 susceptam
1243 694 1480 742 Romanae
1498 688 1624 742 urbis
1650 687 1884 743 vastandae
1915 689 2265 762 cogitationem

743 775 1003 847 deponeret
1023 793 1034 823 τ
1055 772 1087 823 si
1105 772 1244 823 armis
1257 768 1304 821 id
1320 766 1581 821 attentasset
1600 812 1612 833 ‚
1631 767 1918 838 neutiquam*
1935 766 2133 839 fregisset
2162 774 2267 821 ani-

742 871 886 906 mum
903 851 1119 905 hominis
1136 848 1261 901 illius
1275 847 1474 900 barbari.
1503 847 1690 900 Vnicus
1710 845 1898 896 Pastoris
1916 842 2075 896 fi'oilus
2088 880 2104 901 ,
2124 846 2268 900 unica
2290 857 2294 863 ·

739 931 866 1003 pedi,
884 946 962 983 aut
978 927 1141 983 fundae
1155 927 1389 980 correctio
1402 943 1456 976 ex
1471 943 1634 976 amore
1653 925 1908 985 intentata,
1932 921 2038 992 plus
2053 921 2265 993 poffunt,

740 1008 891 1082 quam
906 1007 1009 1060 duri
1026 1010 1166 1059 etiam
1186 1004 1349 1057 silices.
1367 1001 1575 1055 Rebellis
1591 1001 1716 1056 fieret
1740 999 1929 1055 ovicula
1942 1035 1957 1055 2
1990 998 2022 1050 fi
2046 1019 2097 1052 ex
2114 1001 2265 1075 rigore

740 1088 813 1161 agi
830 1104 943 1138 cum
959 1084 1035 1138 illa
1047 1099 1284 1155 oporteret
1299 1103 1309 1130 ε
1325 1079 1405 1132 etsi
1420 1083 1553 1134 enim
1571 1079 1802 1149 fidelium
1818 1078 1959 1148 pietas
1976 1077 2263 1151 dignitatem

740 1162 1048 1217 Pontificiam
1067 1162 1251 1214 dotavit
1267 1159 1441 1213 viribus
1460 1204 1473 1223 ‚
1494 1158 1541 1212 id
1560 1176 1720 1210 tamen
1739 1176 1824 1229 pro
1842 1157 2006 1224 majori
2020 1157 2117 1226 ejus
2131 1156 2264 1210 secu-

692 1309 694 1313 ·
738 1243 871 1295 ritate
888 1241 1073 1294 fac'tum
1089 1240 1151 1293 est
1168 1239 1345 1312 potius,
1357 1237 1505 1311 quarn
1524 1254 1576 1289 ut
1588 1237 1641 1289 iis
1654 1252 1876 1290 uteretur,
1893 1233 1974 1286 nili
1992 1238 2050 1285 ad
2067 1235 2263 1287 conser-

739 1320 952 1375 vandam
968 1320 1276 1394 Religionem
1294 1316 1676 1379 Catliolicam‚&
1698 1312 1954 1368 universale
1970 1314 2161 1365 bonurn
2181 1316 2266 1368 Ec.

741 1396 887 1452 clesiae
922 1400 987 1451 ita
1016 1416 1138 1469 opus
1170 1395 1259 1448 else
1287 1394 1532 1448 videretur.
1560 1393 1786 1460 Qando
1813 1392 1924 1445 vero
1950 1391 2094 1461 spreta
2119 1390 2264 1446 isthac

743 1475 1129 1530 consideratione
1155 1474 1325 1528 accidit
1343 1473 1472 1525 aliter
1488 1516 1500 1538 ,
1513 1474 1563 1524 ὅ(
1580 1475 1714 1525 Tiara
1733 1487 1943 1524 mutatur
1965 1474 2017 1523 in
2034 1470 2231 1523 Galeam
2246 1501 2263 1526 5

744 1573 852 1608 non
868 1555 1086 1630 agnoscit
1103 1552 1234 1606 illam
1252 1552 1373 1605 ultra
1389 1552 1658 1614 reverentia,
1673 1548 1831 1603 immo
1843 1550 1974 1602 ferire
1991 1548 2262 1611 audet‚non

744 1632 876 1685 secus
892 1653 945 1687 ac
962 1632 993 1684 si
1007 1635 1128 1685 foret
1142 1629 1415 1703 temporalis
1430 1656 1444 1692 3
1467 1632 1515 1682 ὃς
1535 1628 1564 1682 si
1580 1631 1663 1681 niti
1680 1628 1882 1681 volucrit
1895 1627 2158 1680 rationibus
2173 1647 2263 1698 po·

738 1710 910 1776 -liticis,
939 1711 1242 1764 aestimabitur
1272 1727 1358 1780 pro
1375 1707 1642 1760 diademate
1674 1707 1891 1777 Principis
1918 1705 2129 1775 politici,
2153 1724 2260 1758 non

742 1787 922 1842 summi
941 1788 1183 1841 Pontificis
1196 1823 1213 1843 ‚
1234 1788 1368 1854 cujus
1384 1788 1638 1856 imperium
1655 1784 1876 1854 spirituali
1893 1785 2170 1834 auctoritate
2185 1780 2261 1835 su-

743 1865 989 1916 stentatur.
1019 1863 1254 1914 Officium
1284 1865 1380 1929 ejus
1398 1863 1622 1930 pastorale
1639 1879 1742 1911 non
1762 1859 1872 1911 belli
1890 1860 1952 1910 est
1967 1894 1983 1915 ,
2014 1859 2092 1912 sed
2109 1861 2263 1931 pacis:

744 1939 924 2012 pedum
953 1938 1401 2006 obtusumsuperne
1429 1941 1756 1993 incurvatum,
1787 1953 1838 1988 ut
1854 1936 2124 2000 conducat5
2157 1957 2264 1991 non

500 2013 608 2098 {22³5
624 2013 716 2060 ¹³¹²&
743 2034 960 2072 acutum,
979 2032 1030 2067 ut
1047 2016 1234 2067 sauciet,
1262 2016 1299 2062 S
1301 2031 1491 2064 tammus
1514 2012 1735 2084 Pontifex
1762 2015 1991 2064 Summus
2015 2010 2146 2064 homo
2170 2015 2258 2090 est,

568 2090 575 2098 ’
611 2089 618 2097 ’
744 2093 960 2165 adeoque
971 2111 1062 2144 non
1078 2087 1357 2143 aemulationi
1371 2124 1386 2144 ‚
1403 2108 1493 2141 non
1506 2090 1605 2143 odio
1622 2134 1632 2153 2
1647 2108 1737 2140 non
1753 2091 1967 2163 privas‘is
1991 2088 2265 2162 adsedi‘ioni-

742 2170 844 2228 hm,
865 2190 969 2244 quae
990 2171 1231 2223 bellorum
1247 2168 1428 2237 semper
1447 2167 1556 2219 sunt
1572 2169 1812 2221 incentiva
1829 2211 1840 2231 ,
1852 2163 2065 2218 obnoxias
2081 2166 2167 2222 effe
2184 2169 2267 2222 de-

742 2251 823 2303 bet
855 2272 866 2301 ·.
894 2268 1010 2301 nam
1024 2245 1144 2298 illud
1158 2249 1207 2298 in
1226 2245 1423 2296 summo
1439 2244 1688 2298 Sacerdote
1702 2246 1845 2297 etiam
1865 2263 1996 2296 coeca
2012 2246 2264 2302 Gentilitas

743 2326 1046 2398 exposcebat.
1066 2322 1304 2396 Splendor
1319 2323 1568 2387 virtutum,
1585 2342 1689 2396 quae
1705 2323 1753 2374 in
1769 2341 1828 2374 eo
1840 2321 2058 2380 elucent,
2071 2325 2266 2379 animos

743 2405 898 2481 magis
913 2405 1116 2468 feriunt,
1131 2401 1280 2475 quam
1296 2398 1415 2453 ensls
1430 2402 1478 2453 in
1498 2419 1694 2472 corpora
1707 2401 1870 2452 saeviat.
1891 2401 1995 2453 Plus
2010 2405 2265 2456 auctoritas

744 2483 899 2547 valet,
923 2482 1074 2555 quam
1103 2500 1260 2536 arma,
1292 2479 1351 2531 ad
1379 2479 1753 2551 componendas
1787 2481 2054 2551 Principum
2072 2481 2265 2535 lites2hi

744 2563 896 2627 enim,
909 2561 939 2613 si
956 2560 1163 2615 videant,
1178 2577 1292 2611 eum
1308 2554 1394 2609 suo
1411 2558 1548 2632 fungi
1562 2554 1726 2610 officio
1743 2576 1797 2608 ex
1812 2575 1974 2610 amore
1997 2575 2194 2629 paterno
2207 2602 2220 2624 ‚
2237 2559 2264 2613 a

745 2639 1034 2712 paffionibus
1049 2677 1063 2701 ‚
1079 2636 1331 2691 affectibus
1344 2638 1393 2686 &
1409 2637 1585 2688 artibus
1601 2636 1803 2701 politicis
1820 2634 1968 2688 libero
1986 2680 1997 2697 ‚
2007 2639 2104 2708 jura
2124 2639 2172 2689 ὅ(
2190 2656 2264 2690 ar-

746 2737 826 2770 ma
842 2718 922 2770 sua
938 2717 995 2769 ad
1011 2715 1132 2768 illius
1152 2714 1294 2787 pedes
1309 2714 1436 2766 ultro
1447 2714 1719 2786 deponunt.
1748 2715 1927 2784 Experti
1943 2714 1990 2766 id
2005 2716 2115 2768 sunt
2131 2719 2264 2768 Pon-

747 2795 895 2849 tifices
912 2793 1139 2865 plurimi,
1167 2795 1249 2866 qui
1264 2810 1557 2844 communes
1574 2811 1802 2843 omniurn
1821 2795 1971 2844 Patres
1988 2839 1999 2858 ‚
2019 2810 2123 2846 non
2142 2813 2266 2846 neu-

747 2873 884 2925 trales
898 2872 991 2924 sese
1005 2868 1252 2945 galerum,
1270 2868 1376 2934 Qi
1392 2872 1477 2921 uni
1494 2869 1632 2920 alicui
1651 2870 1877 2924 adhaeret,
1894 2871 1936 2921 se
1953 2870 2181 2925 subtrahit
2193 2869 2262 2922 al-

750 2952 910 3013 teri‚&
930 2950 1012 3021 qui
1033 2968 1119 3000 nec
1137 2949 1276 3017 hujus
1289 2948 1353 2999 est
1368 2986 1382 3010 ,
1411 2966 1501 3000 nec
1515 2946 1641 2999 illius
1657 2991 1669 3009 ,
1691 2947 1876 3000 nullius
1891 2948 1982 3013 est3
2011 2947 2269 3001 Pontifices·

749 3028 860 3080 vero
887 3027 1116 3079 omnium
1136 3026 1223 3077 effe
1253 3026 1460 3078 debent:
1489 3024 1536 3077 id
1563 3025 1698 3096 quod
1716 3028 1765 3077 in
1786 3025 1888 3098 lege
1913 3029 2050 3080 veteri
2075 3025 2265 3078 indica-

751 3105 868 3157 bant
884 3107 981 3175 ejus
1005 3103 1281 3159 vestimenta
1299 3145 1312 3167 ,
1339 3121 1445 3174 quae
1457 3102 1680 3177 fingulari
1708 3120 1932 3158 contexta
1959 3105 2154 3158 artificio
2180 3118 2261 3153 to-

2151 3195 2258 3232 tum
