2394 3768
731 310 816 361 ευ,
1098 299 1393 342 DIDACI
1458 299 1927 344 sAAvEDRAE

734 377 966 433 celeritate
996 371 1310 425 consiliorum
1339 385 1463 422 extra
1479 371 1713 422 terminos
1743 369 2127 433 abeunt3verum
2155 371 2252 427 hoc

734 456 890 527 ipsum
906 448 1019 521 saepe
1036 450 1278 502 fortunata
1292 466 1345 500 ea
1360 445 1502 500 efficit
1518 448 1608 510 5ita
1622 447 1755 499 enim
1768 464 1982 518 teporem
1997 447 2253 524 effugiunt,

733 535 784 583 δε
801 531 897 584 cito
912 526 1168 598 expediunt
1184 527 1367 579 omnia.
1385 525 1583 596 Hispani
1600 524 1768 577 contra
1784 529 2090 590 cunctantur,
2106 545 2157 579 ut
2171 528 2254 581 diu

735 606 1054 678 multumque
1083 602 1435 658 considerando
1451 602 1712 673 procedant
1728 600 1935 667 cautius,
1961 604 2011 653 ὃς
2041 604 2153 675 quia
2182 607 2256 657 ni-

734 684 893 740 mium
911 684 1166 755 prudentes
1181 680 1267 734 esse
1282 682 1484 752 cupiunt
1498 683 1685 744 ,haerere
1699 679 1855 732 solent
1870 681 1921 733 in
1941 682 2109 733 mediis
2129 725 2142 744 ,
2163 682 2259 733 im·

733 763 823 817 mo
835 763 955 814 dum
974 780 1160 832 tempus
1176 763 1226 812 in
1243 758 1501 812 consilium
1513 774 1719 813 vocant,
1747 759 1964 811 omnino
1987 777 2040 811 ea
2055 758 2258 812 elabun-

730 857 805 894 tur
820 840 843 892 ὲ
859 840 1099 894 manibus».
2243 829 2257 833 ⁴

851 918 956 971 Itali
977 916 1147 970 melius
1175 934 1229 967 ex
1252 928 1458 987 utroque
1484 911 1812 967 commodum
1844 912 2042 988 aliquod
2076 911 2258 966 norunt

730 1016 895 1068 capere
913 1039 926 1060 ,
952 994 1140 1048 utendo
1157 992 1518 1048 occasionibus,
1536 991 1739 1063 quan-do
1758 992 1800 1044 se
1817 989 2030 1043 offerunt
2049 1018 2062 1054 5
2089 989 2258 1043 contra

731 1093 787 1128 ac
802 1075 1062 1137 Germani,
1092 1072 1174 1144 qui
1202 1071 1254 1122 in
1270 1069 1462 1144 agendo
1492 1069 1640 1125 tardi,
1671 1071 1720 1120 δε
1749 1069 1914 1144 segnes
1940 1071 1987 1121 in
2017 1070 2260 1122 executio-

730 1175 793 1210 ne
823 1168 1013 1222 tempus
1037 1149 1234 1220 praesens
1262 1147 1423 1201 solum
1452 1149 1503 1199 in
1529 1146 1787 1200 consilium
1817 1146 2047 1199 adhibent
2073 1191 2085 1210 ‚
2124 1145 2258 1200 nulla

728 1230 939 1308 praeteriti
967 1248 1019 1281 ac
1035 1227 1177 1280 futuri
1204 1226 1364 1278 habita
1393 1228 1592 1278 ratione.
1633 1228 1719 1277 Pro
1747 1241 2012 1278 eventuum
2039 1227 2257 1277 varietate

730 1324 926 1366 mutant
957 1309 1005 1358 ὃς
1026 1305 1106 1377 ipfi
1122 1305 1374 1368 animum3
1405 1303 1535 1355 unde
1550 1303 1765 1366 factum,
1796 1320 1845 1354 ut
1860 1305 2108 1355 fortunam
2123 1304 2259 1356 suam

731 1409 837 1443 non
857 1385 993 1441 valde
1011 1386 1040 1436 ii
1056 1384 1283 1446 auxerint,
1297 1382 1410 1436 cum
1429 1381 1610 1453 alioqui
1628 1380 1862 1450 ejusmodi
1884 1379 1936 1432 fit
1959 1381 2108 1431 Natio
2123 1416 2138 1436 ‚
2155 1399 2260 1452 quae

727 1469 798 1522 ob
812 1468 1029 1518 innatam
1047 1462 1196 1514 animi
1215 1460 1551 1512 fortitudinem
1570 1458 1793 1510 dominia
1810 1458 1888 1510 sua
1909 1457 2057 1532 longe
2071 1457 2260 1531 lateque

727 1544 878 1619 poffet
893 1540 1159 1595 extendere.
1176 1543 1230 1590 ln
1245 1538 1453 1590 eandem
1470 1533 1676 1589 caussam
1691 1536 1840 1588 referri
1857 1535 2009 1607 potest
2025 1535 2261 1590 diuturni-

725 1643 795 1677 tas
812 1620 1052 1676 bellorum
1069 1617 1298 1679 civilium,
1314 1617 1491 1688 quibus
1503 1616 1776 1667 etiamnum
1792 1612 1938 1667 hodie
1954 1613 2261 1667 conflictatur

723 1702 1006 1772 Imperium,
1026 1715 1129 1768 quae
1148 1695 1391 1746 constanti
1406 1693 1570 1765 aliquo
1585 1690 1788 1746 consilio
1803 1711 1857 1744 ac
1875 1691 2106 1744 celeritate
2120 1690 2260 1763 sopiri

725 1783 823 1850 jam
843 1776 1024 1845 pridem
1047 1774 1331 1843 potuiss'ent5
1361 1772 1526 1824 verum
1554 1771 1623 1822 ob
1643 1767 1837 1822 consilia
1865 1768 1997 1820 lenta
2013 1811 2026 1832 ‚
2055 1787 2160 1840 quae
2174 1788 2260 1840 pro

728 1851 1042 1928 prudentibus
1057 1864 1220 1898 tamen
1238 1847 1537 1898 habebantur
1555 1888 1568 1908 ‚
1587 1847 1806 1919 ingentes
1824 1846 1880 1896 ad
1897 1843 2126 1898 Rhenum
2142 1845 2261 1899 vidi-

731 1950 842 1985 mus
869 1929 1094 1980 exercitus
1122 1968 1134 1988 ‚
1159 1928 1241 1994 qui
1268 1924 1318 1974 in
1345 1923 1591 1974 franciam
1622 1921 1771 1993 usque
1797 1939 2036 1992 penetrare
2075 1923 2263 1994 potuis-

728 2012 850 2070 sent,
865 2005 1069 2074 eamque
1096 2001 1154 2051 ad
1185 2019 1356 2068 pacem
1388 1998 1705 2049 universalem
1735 1998 2009 2050 faciendam
2038 1999 2263 2074 compel-

723 2089 816 2141 lere
845 2106 854 2133 :
896 2080 1031 2153 quod
1058 2076 1302 2126 damnum
1331 2081 1515 2150 gravius
1543 2074 1657 2136 fuit,
1680 2070 1829 2145 quarn
1852 2072 1883 2125 fi
1915 2075 1975 2127 ab
2002 2075 2136 2129 hoste
2165 2075 2264 2131 caefi

724 2160 917 2219 fuissent
930 2155 1089 2228 {inpius
1109 2153 1268 2216 5nulla
1285 2153 1419 2204 enim
1436 2149 1593 2203 clades
1607 2153 1759 2221 major
1775 2185 1791 2207 ,
1819 2149 1969 2224 quam
1986 2152 2017 2204 fi
2040 2157 2265 2209 exercitus

725 2240 896 2313 aliquis
919 2237 969 2287 in
991 2232 1141 2304 seipso
1159 2229 1558 2283 senfimintereat.
1599 2229 1770 2300 Eaipsa
1788 2247 1855 2280 res
1886 2233 2093 2302 proprias
2119 2233 2264 2286 vasta-

722 2320 790 2371 vit
820 2311 1144 2368 l’rovincias&
1163 2309 1271 2361 loca
1297 2306 1539 2368 confinia,
1561 2326 1639 2378 per
1666 2326 1771 2379 quae
1789 2307 1974 2361 bellum
1995 2308 2087 2362 alio
2111 2327 2266 2362 trans-

722 2396 826 2451 ferri
842 2389 1072 2445 debuisset
1091 2433 1103 2453 ,
1130 2406 1268 2441 nunc
1283 2385 1393 2442 vero
1421 2387 1470 2437 in
1488 2385 1585 2455 ipsa
1601 2387 1870 2438 Germaniae
1901 2387 2069 2440 viscera
2096 2388 2265 2441 immi-

722 2475 885 2550 gravit.

833 2556 888 2608 5.
913 2551 968 2599 In
997 2544 1093 2598 aliis
1117 2542 1264 2596 civilis
1290 2540 1656 2616 gubernationis
1686 2540 1891 2614 negotiis
1915 2537 2083 2594 locum
2109 2541 2260 2596 habe-

724 2650 769 2684 re
784 2626 978 2700 possunt
1010 2621 1206 2676 consilia
1235 2620 1424 2676 media,
1442 2636 1550 2671 turn
1582 2636 1769 2690 propter
1795 2636 2117 2672 extremorum
2143 2622 2259 2691 peri-

728 2708 835 2763 cula
856 2750 867 2769 ,
880 2722 986 2755 tum
1002 2703 1113 2774 quia
1131 2698 1317 2771 expedit
1337 2717 1443 2750 eam
1461 2697 1642 2767 semper
1657 2695 1839 2770 ingredi
1858 2698 2003 2761 viam,
2020 2697 2150 2751 unde
2168 2699 2261 2750 mi-

728 2786 964 2838 noricum
982 2776 1313 2832 incommodo
1329 2773 1488 2842 postea
1505 2779 1522 2845 (
1540 2774 1570 2825 si
1589 2772 1829 2827 necell'um
1846 2775 2002 2844 fuerit)
2021 2775 2078 2827 ad
2097 2795 2257 2828 unum

726 2860 923 2935 aliquod
942 2873 1260 2909 extremorum
1276 2852 1411 2924 polliS
1425 2852 1662 2907 accedere.
1677 2856 1801 2904 Inter
1816 2869 2021 2904 extrema
2035 2853 2115 2905 illa
2133 2855 2256 2907 anti-

726 2942 809 3013 qui
828 2936 1128 3010 prudentiam
1147 2930 1449 2994 constituere‚
1466 2930 1802 2983 adumbratam
1821 2948 1900 3000 per
1913 2929 2132 2983 volatum
2149 2936 2253 2982 1)ae-

726 3015 935 3088 dali,qui
952 3031 1041 3064 nec
1057 3011 1154 3063 Soli
1172 3008 1380 3063 nimium
1397 3008 1825 3081 appropinquabat,
1838 3025 1928 3060 nec
1941 3012 2075 3073 mari,
2094 3026 2153 3060 ne
2171 3021 2251 3059 aut

726 3097 884 3149 nimio
897 3091 1023 3144 illius
1039 3089 1201 3142 ardore
1217 3089 1300 3142 alae
1314 3133 1328 3154 ‚
1341 3087 1518 3161 quibus
1532 3088 1765 3153 utebatur,
1781 3085 2152 3142 diffolverentur2
2169 3099 2249 3136 aut

2114 3161 2252 3233 hujus
