2394 3768
492 1737 581 1774 Ecel.
596 1750 645 1773 11.
664 1747 717 1785 30.

733 352 797 401 76
1072 344 1382 384 DIDACI
1465 344 1923 384 SAAVEDRAE

854 418 906 476 ,ζ
941 415 1349 467 Obmurmuratio
1379 412 1647 484 plurimum
1675 414 2168 485 invidiae&ja6⁷tantiae
2187 436 2300 487 pro-

743 497 848 567 'priae
873 492 1144 545 admixtum
1171 483 1344 555 habet,
1376 493 1423 541 &
1445 491 1590 543 solius
1613 492 1763 543 ferme
1784 493 2016 544 Inferioris
2035 494 2099 544 est
2130 494 2294 547 adver-

745 571 820 624 sus
835 570 1160 640 Superiorem,
1172 586 1341 642 atque
1329 560 1449 621 adeo
1463 569 1663 642 indigna
1677 571 1892 621 omnino
1916 570 2153 640 Principe,
2170 571 2299 624 acu-

739 648 812 727 jus
843 645 977 700 labiis
996 646 1172 701 nullius
1203 647 1483 717 cujuspiam
1481 645 1656 698 honori
1684 645 1947 717 periculum
1970 648 2102 700 creari
2132 648 2291 701 debet.

742 727 789 779 Si
804 723 913 778 vitia
928 724 1108 799 grassari
1126 723 1309 787 videat,
1335 742 1386 775 ea
1402 724 1568 794 puniat
1582 739 1796 794 oportet,
1827 723 1859 775 fi
1871 722 2084 791 defectus
2097 724 2212 778 alios
2224 725 2297 780 le-

742 805 911 867 vioreS,
931 819 1010 854 aut
1026 817 1257 872 cornpiat
1280 818 1359 853 aut
1378 800 1647 853 dissimulet.

853 886 906 940 5.
938 883 1062 931 Laus
1076 879 1272 943 virtutis,
1289 897 1446 931 rerum
1465 877 1591 930 bene
1605 875 1840 951 oestarum
1855 879 1906 930 ὅ(
1930 877 2300 952 obsequiorum,

743 972 845 1031 pars
870 956 1091 1031 quaedam
1113 957 1178 1008 est
1195 957 1404 1031 praemii,
1429 959 1478 1007 ὃς
1498 954 1556 1007 ad
1572 956 1845 1008 ulteriorem
1863 957 1930 1008 sui
1944 955 2082 1027 ipsus
2099 957 2300 1010 aemula-

744 1038 936 1089 tionem
963 1032 1215 1087 laudatum
1247 1033 1542 1097 exstimulat3
1571 1034 1691 1106 quin
1721 1035 1771 1084 δε
1801 1033 1902 1086 aliis
1925 1053 2123 1108 quoque
2150 1034 2298 1087 calcar

743 1113 990 1167 admovet.
1015 1110 1308 1165 Collaudare
1330 1129 1497 1164 tamen
1528 1111 1799 1182 promiscue
1830 1110 2062 1169 subditos,
2087 1111 2300 1183 periculo

743 1210 850 1243 non
867 1205 1023 1243 caret:
1054 1185 1171 1242 cum
1184 1191 1316 1241 enim
1338 1183 1572 1261 judicium
1586 1189 1784 1242 illorum
1797 1190 1978 1243 varium
1999 1188 2053 1240 fit
2064 1207 2206 1264 atque
2221 1191 2302 1241 in-

744 1285 947 1331 certum,
966 1266 1049 1320 illa
1063 1265 1175 1319 vero
1187 1265 1288 1319 laus
1304 1265 1539 1319 sententia
1553 1254 1778 1338 quaedam
1792 1264 1922 1339 quasi
1936 1265 2197 1333 definitiva,
2218 1265 2304 1318 de-

744 1344 974 1417 prehendi
991 1364 1104 1397 cum
1122 1362 1340 1416 tempore
1354 1344 1525 1430 poterit
1539 1378 1556 1399 ,
1578 1343 1753 1396 temere
1774 1362 1958 1413 prorsus
1975 1343 2101 1397 hanc
2111 1344 2202 1397 illis
2218 1343 2304 1396 da-

747 1440 847 1474 tam
862 1422 992 1474 fuiffe
1007 1421 1232 1485 laudem5
1244 1423 1434 1473 interim
1450 1421 1646 1473 honoris
1661 1421 1827 1473 tuendi
1841 1419 1983 1495 gratia
1999 1423 2216 1493 Princeps
2233 1420 2301 1478 id,

747 1499 885 1586 quod
899 1497 1044 1551 semel
1065 1499 1357 1569 approbavit,
1374 1517 1591 1552 revocare
1605 1497 1744 1551 facile
1763 1517 1868 1551 non
1841 1467 2090 1551 Daudebit.
2123 1497 2307 1572 Magna

750 1578 889 1653 igitur
910 1574 1190 1648 prudentia,
1215 1591 1323 1628 tum
1341 1575 1449 1628 hac
1438 1595 1533 1646 ipsa
1562 1575 1622 1627 de
1638 1567 1822 1639 caussa,
1842 1591 1949 1638 tum
1965 1593 2019 1629 ut
2036 1594 2098 1628 ne
2111 1576 2302 1631 invidiae

751 1623 1060 1707 occasionem
1075 1650 1154 1705 det
1171 1653 1302 1706 aliis
1276 1673 1341 1718 ,in
1358 1653 1568 1725 personis
1586 1642 1837 1705 laudandis
1853 1672 1975 1724 opus
1990 1652 2150 1719 habet3
2167 1652 2307 1725 quod

750 1729 801 1784 &
822 1735 867 1784 S.
881 1729 1073 1803 Spiritus
1087 1727 1151 1783 est
1164 1730 1443 1784 oraculum·
1466 1730 1605 1784 Ante
1623 1742 1816 1783 mortem
1829 1749 1886 1783 ne
1900 1727 2059 1784 laudo!
2073 1727 2308 1786 hominem

751 1826 1034 1887 quenquam.
1063 1810 1245 1880 Propria
1263 1810 1353 1861 fuit
1369 1811 1645 1860 Sto'i'corum
1659 1811 1935 1879 praeceptiO,
1965 1809 2220 1862 neminem
2237 1824 2308 1860 te-

753 1889 882 1941 mere
906 1886 1185 1939 ornandum
1203 1883 1451 1951 laudibus,
1477 1882 1680 1958 eoquod
1697 1885 1834 1938 nulla
1849 1884 1980 1956 paene
2006 1902 2074 1937 res
2086 1886 2304 1938 omnino

755 1961 884 2017 certo
897 1963 1112 2016 affirmari
1127 1964 1293 2034 poss
1243 1981 1262 2016 t
1319 1966 1370 2015 &
1383 1982 1476 2015 nos
1489 1981 1686 2035 quoque
1698 1963 1748 2014 in
1764 1963 1835 2026 iis,
1860 1981 1966 2036 quae
1979 1960 2120 2017 laude
2134 1961 2304 2021 viden-

755 2058 829 2096 tur
851 2039 1016 2118 digna,
1038 2040 1156 2097 falsa
1172 2041 1289 2115 saepe
1304 2041 1542 2119 opinione
1556 2038 1857 2095 deludamur.

2129 2981 2314 3042 SYM-
