2394 3768
701 328 802 373 ‚554
1003 316 1889 358 ‚DlDACISAAV‘EDRAE

696 417 699 420 ·
721 395 918 441 Patrem,
936 387 965 438 ii
980 385 1285 438 vehementer
1299 384 1557 450 cavebant,
1576 406 1637 438 ne
1651 406 1770 459 quas
1785 387 2025 444 habebant
2040 407 2243 444 contro-

467 461 554 551 {a}
571 460 685 541 il'istiz.
718 465 875 518 versias
894 508 907 527 ,
936 460 1100 516 coram
1120 462 1364 532 praesentes
1382 481 1752 534 componerent.
1781 466 1997 518 Castellae
2027 473 2238 523 Proceres

470 568 500 588 ς.
514 536 563 597 4]
620 535 625 541 ’
715 540 1042 612 impediebant
1071 537 1390 591 concordiam
1421 541 1542 593 inter
1577 545 1758 615 Regem
1791 544 2027 596 Ioannem
2056 548 2239 600 Secun-

714 619 866 675 dum,
894 620 943 667 δε
973 617 1240 670 Henricum
1258 619 1353 686 ejus
1370 615 1542 669 filium.
1569 618 1762 671 Alvarus
1779 622 1918 671 Luna
1943 621 2073 673 illam
2088 624 2204 675 item
2222 668 2236 686 ,

715 716 821 769 quae
837 699 957 749 inter
972 699 1211 747 Ioannem
1227 695 1446 763 Navarrae
1462 697 1644 770 Regem
1659 741 1671 759 ,
1698 695 1890 768 ejusque
1916 698 2069 751 filium
2086 703 2237 752 Caro-

716 775 821 828 lum
837 775 1004 827 Vianae
1022 773 1286 842 Principem
1319 772 1655 826 intercedebat.
1689 775 1853 826 Privati
1872 776 2010 848 Regis
2040 774 2238 847 Philippi

698 896 699 899 η
715 852 859 906 Primi
877 851 1035 905 eidem
1062 846 1398 902 dissuadebant
1425 850 1804 924 congreffionem
1825 895 1838 914 ,
1867 853 1915 902 ἃ
1933 852 2234 925 colloquium

714 949 830 985 cum
857 932 988 1002 Rege
1011 926 1330 980 Ferdinando.
1359 926 1661 998 Ejuscemodi
1694 945 1811 980 artes
1827 929 2031 982 vidimus
2060 930 2127 983 his
2143 950 2237 982 no-

714 1009 811 1061 stris
835 1005 1132 1076 temporibus
1145 1005 1430 1077 frequentari
1445 1006 1496 1057 in
1510 1005 1700 1059 Francia
1713 1025 1826 1059 cum
1848 1026 1952 1059 non
1968 1010 2138 1080 exiguo
2153 1008 2235 1060 de-

712 1087 947 1139 trirnento
964 1080 1314 1156 tranquillitatis
1330 1083 1486 1156 Regni
1503 1082 1646 1147 illius,
1661 1087 1706 1135 δε
1728 1086 1876 1136 totius
1890 1086 2141 1137 Christiani
2156 1103 2235 1136 or—

715 1163 801 1216 bis.
822 1158 1114 1214 Remedium
1129 1161 1333 1213 unicum
1349 1160 1647 1230 est,spernere
1663 1159 1962 1214 difficultates
1977 1164 2022 1212 &
2039 1165 2234 1215 incom—

715 1238 884 1295 moda,
894 1255 999 1311 quae
1015 1238 1222 1292 Ministri
1240 1236 1534 1309 Principibus
1545 1238 1795 1291 familiares
1809 1239 2161 1296 obtendunt‚&
2180 1241 2231 1292 in

715 1334 948 1373 mutuum
963 1317 1119 1369 venire
1137 1317 1455 1384 conspectum
1469 1349 1485 1368 ,
1503 1315 1584 1368 ubi
1603 1319 1644 1369 vi
1662 1316 1902 1391 sanguinis
1913 1316 2105 1370 occulte
2119 1336 2236 1388 ope-

697 1412 865 1461 ·rante,
881 1394 1161 1469 mitigantur
1176 1394 1395 1457 animi‚&
1415 1392 1468 1444 in
1483 1409 1698 1464 apertum
1713 1395 1758 1446 se
1775 1393 1931 1465 prodit
1949 1413 2116 1447 eorum
2131 1414 2233 1447 ma-

713 1475 815 1527 litia
833 1510 847 1537 ,
868 1476 953 1545 qui
969 1470 1262 1524 diffidiorum
1287 1474 1501 1523 auctores
1515 1470 1715 1524 extitere.
1749 1473 1836 1524 His
1849 1472 2113 1525 rationibus
2129 1491 2236 1543 per—

703 1567 878 1605 motus
900 1552 1001 1602 Rex
1015 1546 1339 1602 Ferdinandus
1365 1546 1579 1623 Segobiae
1593 1549 1758 1602 coram
1789 1551 2020 1605 convenit
2048 1552 2234 1625 Regem

710 1630 981 1683 Henricum
1002 1626 1251 1694 Qartum
1267 1626 1488 1701 conjugis
1511 1626 1539 1679 s
1533 1645 1602 1678 uae
1616 1627 1806 1680 fratrem
1821 1672 1835 1691 ‚
1861 1627 1981 1680 nihil
1997 1629 2166 1680 veritus
2178 1645 2236 1680 ex

711 1726 773 1760 eo
787 1705 981 1779 periculi
998 1749 1012 1771 ‚
1036 1704 1173 1778 quod
1196 1705 1242 1757 se
1254 1703 1430 1778 suaque
1447 1704 1749 1757 committere
1765 1704 1996 1758 videretur
2014 1705 2130 1778 Regi
2149 1704 2232 1756 of-

712 1785 871 1848 fens0,
895 1784 979 1854 qui
1008 1798 1089 1834 aut
1115 1800 1171 1833 ex
1195 1800 1360 1833 amore
1385 1780 1615 1844 naturali,
1644 1797 1725 1832 aut
1753 1780 1812 1833 ad
1844 1779 2230 1832 diffirnulandam

710 1862 846 1913 suam
862 1857 1118 1911 infamiam
1146 1856 1268 1908 illud
1286 1855 1455 1929 agebat
1478 1855 1650 1911 unice,
1684 1872 1737 1908 ut
1754 1855 1847 1910 filia
1863 1857 1944 1909 sua
1975 1858 2243 1910 Ioannainv

710 1933 913 1988 Corona
942 1932 1335 1986 succederetzetfi
1362 1933 1496 1985 enim
1525 1932 1586 1984 de
1611 1933 1826 2003 periculis
1851 1933 1946 1986 istis
1974 1931 2229 1987 satisasuis

709 2014 848 2067 fuerit
860 2015 1168 2082 praemonitus
1182 2045 1200 2066 ,
1230 2008 1343 2063 cum
1358 2024 1522 2061 tamen
1540 2008 1599 2060 ad
1615 2009 1873 2078 prudentiae
1889 2010 2130 2063 bilancem
2146 2011 2229 2063 ista

709 2087 1009 2160 expenderet,
1026 2087 1261 2157 praevaluit
1272 2084 1506 2138 omnibus
1520 2085 1664 2137 unica
1680 2085 1761 2139 illa
1776 2086 2105 2150 consideratiO,
2117 2087 2230 2140 nul·

712 2166 753 2220 la
767 2168 794 2218 s
788 2166 943 2220 cilicet
959 2165 1002 2218 vi
1020 2180 1099 2216 aut
1115 2164 1395 2217 tractatione
1406 2160 1511 2233 plus
1525 2158 1647 2215 effici
1660 2163 1957 2238 posse,quam
1972 2163 2225 2236 praesentia.

2044 3126 2124 3205 ετ
2139 3150 2223 3204 Μ-
